Ticker Symbol,Period Ending,Accounts Payable,Accounts Receivable,Add'l income/expense items,After Tax ROE,Capital Expenditures,Capital Surplus,Cash Ratio,Cash and Cash Equivalents,Changes in Inventories,Common Stocks,Cost of Revenue,Current Ratio,Deferred Asset Charges,Deferred Liability Charges,Depreciation,Earnings Before Interest and Tax,Earnings Before Tax,Effect of Exchange Rate,Equity Earnings/Loss Unconsolidated Subsidiary,Fixed Assets,Goodwill,Gross Margin,Gross Profit,Income Tax,Intangible Assets,Interest Expense,Inventory,Investments,Liabilities,Long-Term Debt,Long-Term Investments,Minority Interest,Misc. Stocks,Net Borrowings,Net Cash Flow,Net Cash Flow-Operating,Net Cash Flows-Financing,Net Cash Flows-Investing,Net Income,Net Income Adjustments,Net Income Applicable to Common Shareholders,Net Income-Cont. Operations,Net Receivables,Non-Recurring Items,Operating Income,Operating Margin,Other Assets,Other Current Assets,Other Current Liabilities,Other Equity,Other Financing Activities,Other Investing Activities,Other Liabilities,Other Operating Activities,Other Operating Items,Pre-Tax Margin,Pre-Tax ROE,Profit Margin,Quick Ratio,Research and Development,Retained Earnings,Sale and Purchase of Stock,"Sales, General and Admin.",Short-Term Debt / Current Portion of Long-Term Debt,Short-Term Investments,Total Assets,Total Current Assets,Total Current Liabilities,Total Equity,Total Liabilities,Total Liabilities & Equity,Total Revenue,Treasury Stock,Earnings Per Share,Estimated Shares Outstanding
AAL,12/31/2015,5102000000,352000000,-708000000,135,-6151000000,11591000000,51,1085000000,0,6000000,11096000000,73,2477000000,667000000,1487000000,5496000000,4616000000,0,0,27510000000,4091000000,73,29894000000,-2994000000,2249000000,880000000,863000000,443000000,-633000000,18330000000,0,0,0,2856000000,-604000000,6249000000,-1259000000,-5594000000,7610000000,-2662000000,7610000000,7610000000,1425000000,1051000000,6204000000,15,2103000000,748000000,6272000000,-4732000000,96000000,114000000,10178000000,95000000,1364000000,11,82,19,67,0,-1230000000,-3846000000,21275000000,2231000000,5864000000,48415000000,9985000000,13605000000,5635000000,42780000000,48415000000,40990000000,0,11.39,668129938.5
AAPL,9/26/2015,60671000000,-3124000000,1285000000,45,-11247000000,0,52,21120000000,-238000000,27416000000,1.40E+11,111,0,3624000000,11257000000,72515000000,72515000000,0,0,22471000000,5116000000,40,93626000000,19121000000,3893000000,0,2349000000,-44417000000,15188000000,53329000000,1.64E+11,0,0,29305000000,7276000000,81266000000,-17716000000,-56274000000,53394000000,4968000000,53394000000,53394000000,30343000000,0,71230000000,30,5422000000,15085000000,8940000000,-345000000,-1499000000,-610000000,33427000000,-179000000,0,31,61,23,108,8067000000,92284000000,-34710000000,14329000000,10999000000,20481000000,2.90E+11,89378000000,80610000000,1.19E+11,1.71E+11,2.90E+11,2.34E+11,0,9.28,5753663793
ABBV,12/31/2015,8463000000,-1076000000,-206000000,130,-532000000,13080000000,77,8399000000,-434000000,17000000,4500000000,150,0,5276000000,836000000,7331000000,6645000000,-300000000,0,2565000000,13168000000,80,18359000000,1501000000,19709000000,686000000,1719000000,29000000,1503000000,29240000000,145000000,0,0,16623000000,51000000,7535000000,5752000000,-12936000000,5144000000,1051000000,5144000000,5144000000,4730000000,150000000,7537000000,33,1149000000,1458000000,0,-2561000000,30000000,-12433000000,3695000000,511000000,0,29,168,23,134,4285000000,2248000000,-7425000000,6387000000,2431000000,8000000,53050000000,16314000000,10894000000,3945000000,49105000000,53050000000,22859000000,-8839000000,3.15,1633015873
ABC,9/30/2015,21578227000,-1478793000,-44220000,22,-231585000,3736477000,10,2167442000,-1379189000,2750000,1.32E+11,94,0,1944240000,255988000,378000000,268964000,0,0,1192510000,4144391000,3,3529313000,407129000,1993119000,109036000,9755094000,-86214000,5122127000,3739225000,0,0,0,1496390000,358929000,3922228000,-632134000,-2931165000,-138165000,1577391000,-138165000,-138165000,8222951000,0,422220000,0,298474000,189001000,0,-136333000,0,-2613366000,84904000,-37131000,248635000,0,44,0,49,0,1164489000,-1665115000,2858458000,0,0,27962982000,20334488000,21578227000,616386000,27346596000,27962982000,1.36E+11,-4150997000,-0.62,222846774.2
ABT,12/31/2015,5683000000,-171000000,479000000,21,-1110000000,0,67,5001000000,-257000000,12734000000,8747000000,154,2119000000,0,1472000000,3346000000,3183000000,-198000000,0,5732000000,9638000000,57,11658000000,577000000,5562000000,163000000,2599000000,-821000000,215000000,5871000000,4041000000,115000000,0,1147000000,938000000,2966000000,-2236000000,406000000,4423000000,-2773000000,4423000000,2606000000,3418000000,0,2867000000,14,0,2013000000,373000000,-6658000000,-17000000,2337000000,4864000000,57000000,601000000,16,15,22,126,1405000000,25757000000,-1923000000,6785000000,3130000000,1124000000,41247000000,14155000000,9186000000,21211000000,20036000000,41247000000,20405000000,-10622000000,2.94,1504421769
ADBE,11/27/2015,779356000,-79502000,34870000,9,-184936000,4184883000,180,876560000,0,61000,744317000,218,0,259303000,339473000,937965000,873781000,-21297000,0,787421000,5366881000,84,4051194000,244230000,510007000,64184000,0,-535197000,350908000,1907231000,80439000,0,0,387091000,-240840000,1469502000,-200687000,-1488358000,629551000,236773000,629551000,629551000,672006000,1559000,903095000,19,159832000,161802000,1434200000,-169080000,0,-768225000,344802000,-7701000,68649000,18,12,13,218,862730000,7253431000,-647103000,2215161000,0,3111524000,11726472000,4821892000,2213556000,7001580000,4724892000,11726472000,4795511000,-4267715000,1.26,499643650.8
ADI,10/31/2015,438904000,-71198000,6303000,14,-153960000,634484000,272,884353000,-35557000,52011000,1175830000,366,57033000,251129000,222240000,837144000,810114000,-3950000,0,644110000,1636526000,66,2259262000,113236000,583517000,27030000,412314000,152175000,89394000,495341000,17482000,0,0,0,315120000,907798000,-571603000,-17125000,696878000,-1366000,696878000,696878000,595768000,0,830841000,24,40561000,42538000,300087000,-50851000,-1267000,-15340000,125763000,7407000,88318000,24,16,20,329,637459000,4437315000,-104322000,702644000,374594000,2144575000,7058777000,4079548000,1113585000,5072959000,1985818000,7058777000,3435092000,0,0.31,2247993548
ADM,12/31/2015,13407000000,913000000,392000000,10,-1125000000,0,49,6124000000,872000000,3180000000,63682000000,162,0,1563000000,882000000,2592000000,2284000000,0,390000000,9853000000,0,6,4020000000,438000000,3688000000,308000000,8243000000,35000000,-1693000000,5779000000,4340000000,16000000,0,240000000,-189000000,2481000000,-2649000000,-21000000,1849000000,-496000000,1849000000,2239000000,1738000000,200000000,1810000000,3,447000000,5286000000,0,-2146000000,-162000000,1069000000,1395000000,157000000,0,3,13,3,101,0,16865000000,-2040000000,2010000000,98000000,438000000,40157000000,21829000000,13505000000,17899000000,22242000000,40141000000,67702000000,0,2.99,618394648.8
ADS,12/31/2015,1010619000,8307000,0,30,-191683000,2981041000,25,1624601000,0,1121000,4482700000,254,617000,777420000,524467000,1261860000,931676000,-25309000,0,576706000,3814078000,30,1957046000,326248000,1203745000,330184000,0,-2899032000,98026000,10136018000,0,0,167377000,3009130000,90885000,1705841000,1772901000,-3362548000,596541000,638239000,596541000,596541000,14052456000,0,1261860000,20,576267000,573360000,3975291000,-137251000,-205928000,-271833000,2925426000,-168626000,492140000,14,46,9,254,0,3092464000,-1020923000,203046000,1419649000,0,22421830000,16250417000,6405559000,2010030000,20411800000,22421830000,6439746000,-3927345000,8.91,66951851.85
ADSK,1/31/2015,499300000,-17300000,0,4,-75500000,0,145,1410600000,0,1773100000,342100000,191,100000000,256300000,145900000,120700000,83000000,-5000000,0,159200000,1456200000,86,2170100000,1200000,86500000,37700000,0,-196100000,376000000,743100000,273000000,0,0,0,-442400000,708100000,-239900000,-905600000,81800000,165600000,81800000,81800000,544000000,3100000,120700000,5,163500000,100900000,900800000,-53300000,-43400000,-634000000,291000000,-43900000,39800000,3,4,3,191,725200000,499400000,-197000000,1281300000,0,615800000,4909700000,2671300000,1400100000,2219200000,2690500000,4909700000,2512200000,0,0.36,227222222.2
AEE,12/31/2015,909000000,83000000,44000000,9,-1917000000,5616000000,14,292000000,-14000000,2000000,3501000000,92,0,4476000000,896000000,1303000000,948000000,0,0,18799000000,411000000,43,2597000000,363000000,0,355000000,538000000,-2000000,-91000000,6880000000,556000000,142000000,0,664000000,287000000,2017000000,246000000,-1976000000,636000000,367000000,636000000,585000000,725000000,0,1259000000,21,1957000000,362000000,488000000,-3000000,-10000000,-57000000,3103000000,140000000,796000000,16,14,10,66,0,1331000000,-12000000,542000000,696000000,0,23640000000,1917000000,2093000000,6946000000,16694000000,23640000000,6098000000,0,2.6,244615384.6
AKAM,12/31/2015,278148000,-56247000,8999000,10,-311676000,4437420000,225,289473000,0,1772000,725620000,377,4700000,17051000,318088000,475149000,456624000,-10036000,0,753180000,1150244000,67,1471828000,135218000,156095000,18525000,0,153060000,54503000,624288000,774674000,0,0,0,50823000,764151000,-267728000,-435564000,321406000,107278000,321406000,321406000,380399000,767000,466150000,21,95844000,123228000,54292000,-41453000,-56214000,-276948000,93268000,19123000,27067000,21,15,15,377,148591000,-1276861000,-240815000,829253000,0,460088000,4187925000,1253188000,332440000,3120878000,1067047000,4187925000,2197448000,0,1.8,178558888.9
ALB,12/31/2015,810634000,-8788000,48474000,10,-227649000,2059151000,13,213734000,27649000,1122000,2454463000,113,0,736317000,260076000,490909000,358187000,2154000,30999000,2484738000,2893811000,33,1196872000,29122000,1733047000,132722000,508728000,3154000,-73151000,3174674000,455417000,146921000,0,-376241000,-2276034000,360689000,-478325000,-2160552000,334906000,-160791000,334906000,360064000,632705000,139292000,442435000,12,216998000,475836000,128706000,-421288000,-5431000,-1936057000,686025000,-44370000,0,10,11,9,82,102871000,1615407000,-4267000,512274000,677345000,0,9615014000,1831003000,1616685000,3254392000,6360622000,9615014000,3651335000,0,3.01,111264451.8
ALK,12/31/2015,1022000000,47000000,22000000,35,-831000000,73000000,74,73000000,0,1000000,1935000000,92,0,1113000000,320000000,1320000000,1312000000,0,0,4802000000,0,65,3663000000,464000000,0,8000000,51000000,-152000000,131000000,571000000,0,0,0,-116000000,-34000000,1584000000,-688000000,-930000000,848000000,25000000,848000000,848000000,212000000,32000000,1298000000,23,68000000,72000000,669000000,-303000000,35000000,53000000,632000000,213000000,320000000,23,54,15,89,0,2890000000,-505000000,2013000000,115000000,1255000000,6533000000,1663000000,1806000000,2411000000,4122000000,6533000000,5598000000,-250000000,6.61,128290469
ALLE,12/31/2015,381500000,-13500000,-96400000,601,-35200000,24400000,45,199700000,-5800000,1000000,1199000000,164,91900000,120000000,53200000,262200000,209300000,-9000000,0,224800000,714100000,42,869100000,54600000,372400000,52900000,204100000,12300000,-17200000,1457500000,0,4100000,0,278300000,-90800000,257000000,195000000,-533800000,153900000,91400000,153900000,154700000,313900000,0,358600000,17,124700000,17400000,0,-232200000,-300000,-510900000,208700000,-5000000,0,10,818,7,119,0,232400000,-19000000,510500000,65600000,0,2263000000,735100000,447100000,25600000,2237400000,2263000000,2068100000,0,1.6,96187500
ALXN,12/31/2015,460000000,-116000000,9000000,2,-286000000,7727000000,195,1010000000,-88000000,0,233000000,341,0,529000000,167000000,546000000,498000000,-9000000,0,697000000,5048000000,91,2371000000,354000000,4708000000,48000000,290000000,635000000,-154000000,3405000000,0,0,0,3425000000,66000000,675000000,2985000000,-3585000000,144000000,779000000,144000000,144000000,533000000,81000000,537000000,21,228000000,208000000,83000000,62000000,-55000000,-3934000000,195000000,-57000000,117000000,19,6,6,300,709000000,1181000000,-250000000,927000000,166000000,375000000,13097000000,2416000000,709000000,8259000000,4838000000,13097000000,2604000000,-711000000,0.68,211764705.9
AMAT,10/25/2015,1833000000,-61000000,8000000,18,-215000000,6575000000,131,4797000000,-266000000,11000000,5707000000,244,145000000,0,371000000,1701000000,1598000000,0,0,892000000,3302000000,41,3952000000,221000000,762000000,103000000,1833000000,-62000000,-334000000,3342000000,946000000,0,0,2581000000,1795000000,1163000000,913000000,-281000000,1377000000,50000000,1377000000,1377000000,1739000000,0,1693000000,18,0,724000000,765000000,-92000000,0,-4000000,555000000,26000000,0,17,21,14,196,1451000000,13967000000,-1237000000,808000000,1200000000,168000000,15308000000,9261000000,3798000000,7613000000,7695000000,15308000000,9659000000,-12848000000,1.13,1218584071
AME,12/31/2015,639097000,-6995000,-9541000,18,-69083000,568286000,37,381005000,-12007000,2608000,2549280000,158,0,624046000,149460000,898175000,806380000,-26629000,0,484548000,2706633000,36,1425015000,215521000,1672961000,91795000,514451000,0,-75009000,1556045000,180775000,0,0,244754000,3390000,672540000,-216964000,-425557000,590859000,30220000,590859000,590859000,650019000,0,907716000,23,0,74138000,0,-405631000,0,-356474000,204641000,-3988000,68707000,20,25,15,108,0,3974793000,-396208000,448592000,386075000,0,6664530000,1619613000,1025172000,3254626000,3409904000,6664530000,3974295000,-885430000,2.46,240186585.4
AMGN,12/31/2015,6417000000,-420000000,603000000,25,-594000000,0,362,4144000000,481000000,30649000000,4227000000,445,0,2239000000,2108000000,9073000000,7978000000,0,0,4907000000,14787000000,80,17435000000,1039000000,11641000000,1095000000,2435000000,-4421000000,899000000,29182000000,0,0,0,1065000000,413000000,9731000000,-3771000000,-5547000000,6939000000,-431000000,6939000000,6939000000,2995000000,0,8470000000,39,1599000000,1703000000,0,-480000000,-655000000,-532000000,3281000000,155000000,0,37,28,32,416,4070000000,-2086000000,-1785000000,4895000000,2247000000,27238000000,71449000000,38515000000,8664000000,28083000000,43366000000,71449000000,21662000000,0,9.15,758360655.7
AMT,12/31/2015,938826000,-56312000,-186878000,10,-728753000,9690609000,39,462879000,0,4267000,1308868000,83,1378796000,0,1292260000,1425911000,829962000,-23224000,0,9866424000,4091805000,73,3462648000,157955000,9837876000,595949000,0,9504000,150984000,17068807000,732903000,61139000,0,1789103000,7194000,2183052000,5589101000,-7741735000,685074000,354073000,594911000,685074000,227354000,0,1612789000,34,0,306235000,211001000,-1836996000,-85672000,-7022486000,1922618000,-229960000,1285328000,17,12,14,83,0,-998535000,4711190000,564531000,50202000,0,26904272000,996468000,1200029000,6651679000,20252593000,26904272000,4771516000,-207740000,1.42,482446478.9
AMZN,12/31/2015,30769000000,-1755000000,-206000000,4,-4589000000,13394000000,58,15890000000,-2187000000,5000000,71651000000,105,0,0,6281000000,2027000000,1568000000,-374000000,-22000000,21838000000,3759000000,33,35355000000,950000000,0,459000000,10243000000,-1066000000,12608000000,8227000000,0,0,0,-3882000000,1333000000,11920000000,-3763000000,-6450000000,596000000,2486000000,596000000,596000000,5654000000,0,2233000000,2,3445000000,0,3118000000,-723000000,0,-795000000,9249000000,-6109000000,0,1,12,1,75,0,2545000000,0,33122000000,0,3918000000,64747000000,35705000000,33887000000,13384000000,51363000000,64747000000,1.07E+11,-1837000000,1.28,465625000
AN,12/31/2015,2865700000,-91800000,-1200000,19,-247600000,5200000,1,74100000,-548800000,1200000,17600500000,91,0,78600000,132100000,871900000,722700000,0,0,2667400000,1394500000,16,3261500000,279000000,439900000,149200000,3612000000,-10200000,566700000,1745300000,0,0,0,210000000,-1300000,507200000,900000,-509400000,442600000,16200000,442600000,443700000,908200000,15400000,873100000,4,336700000,115400000,529200000,0,0,-251600000,207600000,-8800000,127400000,3,31,2,21,0,2702800000,-207300000,2245600000,1772500000,0,9548200000,4709700000,5167400000,2349300000,7198900000,9548200000,20862000000,-359900000,3.93,112620865.1
APA,12/31/2015,618000000,663000000,-17000000,917,-5178000000,12467000000,80,1467000000,21000000,257000000,2065000000,204,971000000,1072000000,29517000000,-27927000000,-28226000000,0,0,14119000000,0,68,4318000000,-5469000000,0,299000000,570000000,1245000000,-507000000,8777000000,0,1662000000,0,-2509000000,698000000,2984000000,-2962000000,676000000,-23528000000,-2835000000,-23119000000,-22757000000,1253000000,2065000000,-27910000000,437,0,462000000,1223000000,-116000000,53000000,4609000000,2924000000,-347000000,29372000000,442,1100,369,173,0,-7153000000,0,791000000,0,0,18842000000,3752000000,1841000000,2566000000,16276000000,18842000000,6383000000,-2889000000,-61.2,384444444.4
APC,12/31/2015,3839000000,-2000000,-55000000,52,-6067000000,9265000000,22,939000000,0,52000000,3185000000,95,0,5400000000,4603000000,-8864000000,-9689000000,-2000000,0,33751000000,0,63,5513000000,-2877000000,6331000000,825000000,0,-3000000,-6205000000,15636000000,0,2638000000,0,541000000,-6430000000,-1877000000,220000000,-4771000000,-6692000000,5767000000,-6692000000,-6692000000,2469000000,7719000000,-8809000000,101,2268000000,573000000,309000000,-383000000,0,1299000000,5658000000,772000000,4603000000,111,76,77,95,0,4880000000,514000000,2000000000,32000000,0,46331000000,3981000000,4180000000,12819000000,33512000000,46331000000,8698000000,-995000000,-13.18,507738998.5
APD,9/30/2015,1697500000,27900000,-16600000,18,-1265600000,904700000,6,206400000,8300000,249400000,6939000000,77,0,803400000,936400000,1846200000,1742700000,-22900000,154500000,10095300000,1131300000,30,2955900000,418300000,508300000,103500000,657800000,-4300000,156200000,3949100000,1265700000,132100000,0,-84400000,-130200000,2446400000,-945400000,-1250500000,1277900000,-32300000,1277900000,1324400000,1860500000,215200000,1708300000,17,1540400000,68800000,17000000,-2125900000,-56100000,19400000,1556500000,-325500000,0,18,24,13,59,137100000,10580400000,-157100000,895300000,1929900000,0,17334500000,2793500000,3644400000,7249000000,10085500000,17334500000,9894900000,-2359600000,5.95,214773109.2
APH,12/31/2015,1008100000,-22300000,16400000,24,-172100000,783300000,175,1737200000,-5200000,300000,3789200000,382,0,0,171600000,1121100000,1052800000,-54800000,0,609500000,2692900000,32,1779500000,280500000,306000000,68300000,851800000,335900000,35400000,2813200000,0,39900000,0,153600000,768300000,1030500000,-180100000,-27300000,763500000,28000000,763500000,763500000,1104600000,5700000,1104700000,20,0,133200000,0,-349500000,0,-191100000,358400000,50700000,0,19,33,14,297,0,2804400000,-184500000,669100000,300000,23200000,7458400000,3850000000,1008400000,3238500000,4219900000,7458400000,5568700000,0,2.47,309109311.7
ARNC,12/31/2015,3978000000,212000000,-2000000,3,-1180000000,10019000000,37,1919000000,-64000000,1391000000,18069000000,153,2668000000,0,1280000000,746000000,248000000,-39000000,0,14815000000,5401000000,20,4465000000,445000000,0,498000000,3442000000,-94000000,-1199000000,9044000000,1685000000,2085000000,0,-145000000,42000000,1582000000,-441000000,-1060000000,-322000000,1874000000,-322000000,-322000000,1862000000,1220000000,748000000,3,4006000000,730000000,1174000000,-5431000000,0,214000000,8142000000,-324000000,1280000000,1,2,1,87,238000000,8834000000,27000000,979000000,59000000,0,36528000000,7953000000,5211000000,12046000000,24482000000,36528000000,22534000000,-2825000000,-0.31,1038709677
ATVI,12/31/2015,909000000,-40000000,0,11,-111000000,10242000000,70,1823000000,-54000000,0,1585000000,130,275000000,10000000,501000000,1319000000,1121000000,-366000000,0,189000000,7095000000,66,3079000000,229000000,562000000,198000000,128000000,0,181000000,4079000000,9000000,0,0,-48000000,-3025000000,1192000000,-135000000,-3716000000,892000000,41000000,892000000,892000000,679000000,0,1319000000,28,3734000000,749000000,1702000000,-633000000,-83000000,-3605000000,483000000,-329000000,0,24,14,19,125,646000000,4096000000,106000000,1114000000,0,8000000,15251000000,3387000000,2611000000,8068000000,7183000000,15251000000,4664000000,-5637000000,1.21,737190082.6
AWK,12/31/2015,707000000,-84000000,18000000,9,-1160000000,6351000000,4,66000000,0,2000000,1404000000,43,0,2334000000,440000000,782000000,782000000,0,0,13933000000,1302000000,56,1755000000,306000000,0,0,38000000,-197000000,23000000,6211000000,0,0,0,608000000,22000000,1179000000,308000000,-1465000000,476000000,333000000,476000000,476000000,522000000,0,1075000000,34,1349000000,31000000,144000000,-88000000,26000000,-108000000,2102000000,-9000000,440000000,25,15,15,40,0,-1073000000,-87000000,243000000,682000000,0,17241000000,657000000,1533000000,5049000000,12180000000,17229000000,3159000000,-143000000,2.66,178947368.4
AYI,8/31/2015,520900000,-46100000,-1200000,16,-56500000,797100000,145,756800000,-15100000,500000,1561100000,271,3500000,31700000,45800000,375100000,343600000,-8300000,0,174600000,565000000,42,1145600000,121500000,223400000,31500000,224800000,0,82400000,352400000,0,0,0,0,204300000,288900000,-3900000,-72400000,222100000,6700000,222100000,222100000,411700000,12400000,376300000,14,27100000,20100000,0,-110400000,-10400000,-15900000,142000000,-6900000,0,13,25,8,228,0,1093000000,11600000,756900000,0,0,2407000000,1413400000,520900000,1360000000,1047000000,2407000000,2706700000,-420200000,5.13,43294346.98
AZO,8/29/2015,4712873000,-36466000,0,68,-480579000,938355000,4,175309000,-266776000,321000,4860309000,84,42615000,0,276149000,1953051000,1802612000,-9686000,0,3505632000,391887000,52,5327031000,642371000,0,150439000,3421635000,-3329000,366223000,4624876000,0,0,0,268814000,50824000,1525123000,-896702000,-567911000,1160241000,11994000,1160241000,1160241000,251503000,0,1953051000,19,191921000,121847000,0,-249518000,-8712000,-84003000,465990000,13758000,0,18,106,11,12,0,-1418738000,-1204699000,3373980000,0,0,8102349000,3970294000,4712873000,-1701390000,9803739000,8102349000,10187340000,-971810000,36.76,31562595.21
BA,12/31/2015,49178000000,-902000000,-14000000,82,-2450000000,4834000000,24,11302000000,-1110000000,5061000000,82088000000,135,265000000,2392000000,1833000000,7430000000,7155000000,-28000000,0,12076000000,5126000000,15,14026000000,1979000000,2657000000,275000000,47257000000,554000000,3949000000,8730000000,4642000000,62000000,0,861000000,-431000000,9363000000,-7920000000,-1846000000,5176000000,559000000,5176000000,5176000000,8925000000,0,7443000000,8,1408000000,0,0,-12748000000,-96000000,50000000,26477000000,-142000000,0,7,113,5,42,3331000000,38756000000,-6352000000,3251000000,1234000000,750000000,94408000000,68234000000,50412000000,6335000000,88073000000,94408000000,96114000000,-29568000000,7.52,688297872.3
BAX,12/31/2015,3119000000,-4000000,105000000,11,-911000000,5902000000,128,2213000000,-118000000,683000000,5822000000,205,0,0,759000000,554000000,428000000,-195000000,0,4386000000,2687000000,42,4146000000,35000000,1349000000,126000000,1604000000,0,236000000,3935000000,0,19000000,0,2517000000,-712000000,1647000000,-357000000,-1807000000,968000000,-282000000,968000000,393000000,1731000000,0,449000000,5,757000000,1100000000,46000000,224000000,-2164000000,-896000000,2425000000,-430000000,0,4,5,10,177,603000000,9683000000,200000000,3094000000,2585000000,5148000000,20975000000,11796000000,5750000000,8846000000,12129000000,20975000000,9968000000,-7646000000,1.78,543820224.7
BBBY,2/28/2015,1636521000,0,0,35,-330637000,1796692000,51,875574000,-161506000,3367000,7261397000,210,0,493137000,239193000,1554293000,1503835000,-13269000,0,1676700000,486279000,39,4619779000,546361000,0,50458000,2731881000,379406000,103233000,1500000000,97160000,0,0,1500000000,509058000,1178489000,-704931000,48769000,957474000,27439000,957474000,957474000,0,0,1554293000,13,415251000,366156000,306160000,-42313000,0,0,79985000,12656000,0,13,55,8,70,0,9553376000,-2209400000,3065486000,0,109992000,6758993000,4083603000,1942681000,2743190000,4015803000,6758993000,11881176000,-8567932000,5.13,186642105.3
BBY,1/31/2015,6414000000,-19000000,27000000,25,-561000000,437000000,50,2432000000,-141000000,35000000,31292000000,148,0,0,656000000,1477000000,1387000000,-52000000,0,2462000000,425000000,22,9047000000,141000000,57000000,90000000,5174000000,-1224000000,355000000,1572000000,0,5000000,0,-24000000,-52000000,1935000000,-223000000,-1712000000,1233000000,-180000000,1233000000,1246000000,1280000000,5000000,1450000000,4,829000000,1130000000,1322000000,382000000,2000000,73000000,896000000,29000000,0,3,28,3,81,0,4141000000,50000000,7592000000,41000000,1456000000,15245000000,11472000000,7777000000,4995000000,10250000000,15245000000,40339000000,0,3.53,349291784.7
BCR,12/31/2015,1010500000,-18000000,-449200000,9,-102900000,2148400000,82,1030900000,-33100000,18400000,1301200000,156,50500000,47200000,193100000,394300000,349400000,-42200000,0,472400000,1140600000,62,2114800000,214000000,1019100000,44900000,413700000,21000000,-217300000,1144100000,0,0,0,-82000000,-9600000,798100000,-554100000,-211400000,135400000,707400000,135400000,135400000,445100000,0,843500000,25,192100000,79600000,0,-208000000,-6900000,-129500000,936700000,30600000,0,10,24,4,123,259200000,-503500000,-440000000,1012100000,250200000,0,4844000000,1969300000,1260700000,1455300000,3388700000,4844000000,3416000000,0,1.8,75222222.22
BDX,9/30/2015,2930000000,-2000000,36000000,10,-596000000,4475000000,35,1424000000,200000000,333000000,5587000000,129,0,2430000000,891000000,1110000000,739000000,-38000000,0,4060000000,7537000000,46,4695000000,44000000,7386000000,371000000,1959000000,840000000,173000000,11370000000,1118000000,0,0,6655000000,-436000000,1730000000,6190000000,-8318000000,695000000,-170000000,695000000,695000000,1618000000,426000000,1074000000,10,717000000,563000000,0,-1718000000,0,-8561000000,1133000000,-58000000,0,7,10,7,84,632000000,12314000000,-27000000,2563000000,1452000000,95000000,26478000000,5659000000,4381000000,7164000000,19314000000,26478000000,10282000000,-8239000000,3.43,202623906.7
BHI,12/31/2015,2624000000,1943000000,0,12,-965000000,7261000000,84,2324000000,703000000,437000000,14415000000,334,0,252000000,1742000000,-2396000000,-2613000000,-25000000,0,6693000000,6070000000,8,1327000000,-639000000,583000000,217000000,2917000000,-310000000,-1654000000,3890000000,0,84000000,0,-45000000,584000000,1796000000,-282000000,-905000000,-1967000000,1172000000,-1967000000,-1967000000,3217000000,2288000000,-2396000000,15,1466000000,810000000,0,-1005000000,-56000000,370000000,781000000,-136000000,0,17,16,12,229,466000000,9614000000,116000000,969000000,151000000,0,24080000000,9268000000,2775000000,16298000000,7782000000,24080000000,15742000000,-9000000,-4.49,438084632.5
BIIB,12/31/2015,2572900000,-2100000,-123700000,38,-643000000,0,133,1308000000,-174400000,100000,1240400000,260,0,124900000,600400000,4767300000,4767300000,-45800000,-12500000,2187600000,2663800000,88,9523400000,1161600000,4085100000,0,893400000,-2801900000,-272000000,6521500000,3868000000,2100000,0,5928400000,148900000,3716100000,986400000,-4553600000,3547000000,98000000,3547000000,3547000000,1541500000,93400000,4891000000,45,0,836900000,0,-224000000,-74400000,-1108700000,905800000,-127000000,382600000,44,51,33,225,2012800000,12208400000,-4945800000,2143600000,4800000,2120500000,19504800000,6700300000,2577700000,9372800000,10132000000,19504800000,10763800000,-2611700000,15.38,230624187.3
BLL,12/31/2015,1730200000,34800000,-116500000,22,-527900000,0,10,224000000,96900000,961700000,6460300000,102,0,172700000,285500000,488700000,345500000,9500000,4400000,2685900000,2176500000,19,1536700000,47000000,576200000,143200000,898400000,0,-18000000,5054200000,0,10000000,0,2001200000,32600000,1006700000,1737100000,-2720700000,280900000,278100000,280900000,302900000,1061600000,0,605200000,8,2154400000,0,334100000,-639900000,-92800000,-2192800000,1147200000,26500000,285500000,4,28,4,60,0,4557500000,-99500000,646000000,77300000,0,9777000000,2184000000,2141600000,1251300000,8525700000,9777000000,7997000000,-3628000000,2.05,137024390.2
BMY,12/31/2015,6875000000,-942000000,187000000,11,-820000000,1459000000,53,2385000000,97000000,221000000,3909000000,130,2844000000,586000000,376000000,2077000000,2077000000,-95000000,0,4412000000,6881000000,76,12651000000,446000000,1419000000,0,1221000000,-349000000,-654000000,6550000000,4660000000,158000000,0,-1138000000,-3186000000,1832000000,-3351000000,-1572000000,1565000000,853000000,1565000000,1565000000,4299000000,0,1890000000,11,1117000000,625000000,1003000000,-2468000000,0,-403000000,2171000000,471000000,0,13,15,9,115,5920000000,31613000000,266000000,4841000000,139000000,1885000000,31748000000,10415000000,8017000000,14266000000,17482000000,31748000000,16560000000,-16559000000,0.94,1664893617
BSX,12/31/2015,2179000000,-17000000,-39000000,4,-247000000,16860000000,13,319000000,3000000,16000000,2173000000,143,0,735000000,805000000,-366000000,-650000000,-4000000,0,1490000000,6473000000,71,5304000000,-411000000,6194000000,284000000,1016000000,-205000000,317000000,5674000000,0,0,0,1430000000,-268000000,600000000,1322000000,-2186000000,-239000000,-246000000,-239000000,-239000000,1771000000,1264000000,-327000000,4,505000000,365000000,248000000,88000000,-222000000,-1734000000,2974000000,-23000000,495000000,9,10,3,101,876000000,-8927000000,114000000,2996000000,3000000,0,18133000000,3471000000,2430000000,6320000000,11813000000,18133000000,7477000000,-1717000000,-0.18,1327777778
BWA,12/31/2015,1915800000,-81800000,7500000,17,-577300000,1109700000,25,577700000,-52900000,2500000,6320100000,133,0,0,320200000,947200000,886800000,-65500000,40000000,2448100000,1757700000,21,1703100000,280400000,543800000,60400000,723600000,13100000,57700000,2108900000,460900000,77800000,0,1539400000,-220100000,867900000,736600000,-1759100000,609700000,82800000,609700000,609700000,1665000000,0,939700000,12,480000000,168900000,0,-610200000,0,-1194900000,728100000,-104500000,0,11,25,8,102,0,4210100000,-346100000,763400000,441400000,0,8825700000,3135200000,2357200000,3553700000,5272000000,8825700000,8023200000,-1158400000,2.72,224154411.8
CAG,5/31/2015,1933400000,77300000,0,6,-351200000,1049400000,5,164700000,-112100000,2839700000,9061400000,108,0,0,380400000,1330300000,1000300000,-8800000,122100000,7130600000,4544600000,24,2875600000,362100000,1272500000,330000000,1642600000,391400000,2800000,6888800000,0,84000000,0,-1093500000,0,1480600000,-1430200000,-41600000,-252600000,1072100000,-252600000,760300000,739000000,0,1330300000,11,926800000,1017000000,361000000,-329500000,-15300000,-81800000,2628900000,35700000,0,8,22,2,58,0,4331100000,103800000,1545300000,1015700000,0,17437800000,3563300000,3310100000,4526000000,12911800000,17437800000,11937000000,-3364700000,-0.6,421000000
CAH,6/30/2015,16962000000,-870000000,-53000000,19,-300000000,0,27,4616000000,-779000000,3003000000,96819000000,126,0,1432000000,451000000,2108000000,1967000000,0,0,1506000000,0,6,5712000000,755000000,6018000000,141000000,9211000000,-99000000,2101000000,5211000000,0,0,0,1439000000,1751000000,2540000000,60000000,-849000000,1215000000,422000000,1215000000,1212000000,6523000000,30000000,2161000000,2,866000000,1402000000,0,-23000000,65000000,-450000000,0,0,281000000,2,31,1,73,0,5521000000,-1036000000,3240000000,281000000,0,30142000000,21752000000,17243000000,6256000000,23886000000,30142000000,1.03E+11,-2245000000,3.66,331967213.1
CAT,12/31/2015,11727000000,764000000,161000000,17,-3261000000,0,25,6460000000,2274000000,5238000000,34133000000,128,2489000000,0,3046000000,3946000000,3439000000,-169000000,0,16090000000,6615000000,27,12878000000,916000000,2821000000,507000000,9700000000,-680000000,-2400000000,25169000000,14821000000,76000000,0,-138000000,-881000000,6675000000,-3870000000,-3517000000,2512000000,325000000,2512000000,2512000000,15686000000,0,3785000000,8,1998000000,1662000000,1671000000,-2035000000,0,424000000,12046000000,143000000,0,7,23,5,91,2119000000,29246000000,-1992000000,6974000000,12844000000,0,78342000000,33508000000,26242000000,14809000000,63533000000,78342000000,47011000000,-17640000000,3.54,709604519.8
CBG,12/31/2015,3138277000,-231979000,10588000,20,-141517000,1106758000,12,613167000,0,3342000,9716541000,106,135252000,100361000,326407000,998610000,879730000,-22967000,162849000,529823000,3085997000,10,1139269000,320853000,1450469000,118880000,0,118654000,320914000,2645111000,217943000,46418000,0,851557000,-200481000,651897000,789548000,-1618959000,547132000,-196242000,547132000,558877000,4298178000,0,835944000,8,293236000,393878000,70655000,-485675000,-5951000,-1596096000,519244000,-126080000,314096000,8,32,5,106,0,2088227000,-11089000,0,1785225000,0,11017943000,5305223000,4994157000,2712652000,8305291000,11017943000,10855810000,0,1.64,333617073.2
CCI,12/31/2015,426527000,12668000,54777000,21,-908892000,9548580000,36,309541000,0,3338000,1321426000,115,0,0,1073304000,1000957000,473829000,-1902000,0,9580057000,5513551000,64,2342425000,-51457000,3779915000,527128000,0,54475000,320625000,12143019000,1306408000,0,0,274255000,3190000,1794025000,-935476000,-1959734000,1520992000,-25610000,1477004000,525286000,313296000,49146000,946180000,26,875069000,358408000,322623000,-4398000,0,-1105317000,1948636000,994029000,1036178000,13,7,42,115,0,-2458397000,-29657000,310921000,106219000,0,22036245000,981245000,855369000,7089221000,14947024000,22036245000,3663851000,0,4.44,342565765.8
CCL,11/30/2015,2310000000,4000000,-558000000,7,-2294000000,8562000000,20,1395000000,5000000,365000000,9447000000,35,0,0,1626000000,2016000000,1799000000,-61000000,0,31818000000,3010000000,40,6267000000,42000000,1308000000,217000000,330000000,-219000000,359000000,7413000000,0,0,0,170000000,1064000000,4545000000,-942000000,-2478000000,1757000000,663000000,1757000000,1757000000,303000000,0,2574000000,16,650000000,423000000,3272000000,-1741000000,-27000000,35000000,1097000000,131000000,1626000000,11,8,11,30,0,20060000000,-269000000,2067000000,1374000000,0,39237000000,2451000000,6956000000,23771000000,15466000000,39237000000,15714000000,-3475000000,2.26,777433628.3
CELG,12/31/2015,1908300000,-304700000,79500000,27,-286300000,11119300000,333,4880300000,-50600000,9400000,420100000,477,0,30000000,402000000,2334100000,2023500000,-50700000,0,814100000,4879000000,95,8835900000,421500000,10858100000,310600000,443400000,1729800000,625300000,14161400000,0,0,0,7297700000,758700000,2483900000,4584500000,-6259000000,1602000000,536100000,1602000000,1602000000,1420900000,299600000,2254600000,24,1012300000,984700000,60600000,767700000,0,-7702500000,4885100000,-326200000,279000000,22,34,17,455,3697300000,8074400000,-3013700000,2305400000,0,1671600000,26964400000,9400900000,1968900000,5919000000,21045400000,26964400000,9256000000,-14051800000,2.02,793069306.9
CF,12/31/2015,1084700000,-4800000,-2300000,16,-2469300000,1377400000,25,308800000,-71000000,2400000,2761200000,93,0,916200000,479600000,1190800000,1057600000,-18300000,37300000,8539000000,2390100000,36,1547100000,395800000,0,133200000,321200000,12800000,-270000000,5592700000,297800000,352000000,0,1000000000,-1710600000,1203700000,79900000,-2975900000,664900000,284400000,699900000,664900000,267200000,0,1193100000,28,384900000,229900000,130500000,-249800000,0,-519400000,627600000,51400000,0,25,26,15,66,0,3057900000,-547900000,319000000,0,0,12738900000,1127100000,1215200000,4035200000,8703700000,12738900000,4308300000,-152700000,2.97,223872053.9
CHD,12/31/2015,515500000,33500000,-2500000,20,-61800000,376400000,38,330000000,-38500000,146400000,1883000000,104,0,643100000,101000000,665900000,635400000,-22900000,-5800000,609600000,1354900000,45,1511800000,225000000,1269500000,30500000,274000000,0,51500000,692800000,8400000,0,0,-38300000,-93000000,606100000,-535000000,-141200000,410400000,73800000,410400000,404600000,276200000,0,674200000,20,108500000,25800000,0,-45900000,-1200000,-79400000,25100000,-25600000,0,19,31,12,72,0,2650000000,-334600000,837600000,357200000,0,4256900000,906000000,872700000,2023200000,2233700000,4256900000,3394800000,-1103700000,3.13,131118210.9
CHK,12/31/2015,1045000000,1186000000,134000000,687,-3771000000,12403000000,22,825000000,0,7000000,10295000000,67,0,60000000,2229000000,-18781000000,-19098000000,0,0,14298000000,0,19,2469000000,-4463000000,0,317000000,0,-10000000,-2220000000,10354000000,382000000,259000000,0,-508000000,-3283000000,1234000000,-1066000000,-3451000000,-14685000000,14674000000,-14856000000,-14685000000,1129000000,18821000000,-18919000000,148,197000000,526000000,2219000000,-99000000,-41000000,330000000,861000000,0,2229000000,150,893,115,67,0,-13202000000,-143000000,334000000,421000000,0,17357000000,2480000000,3685000000,2138000000,14960000000,17098000000,12764000000,-33000000,-22.43,654703522.1
CHRW,12/31/2015,912299000,107560000,0,44,-28115000,379444000,12,168229000,0,14345000,11207604000,119,0,65460000,66409000,858310000,822781000,-16860000,0,190874000,1108337000,17,2268480000,313082000,120242000,35529000,0,0,-25358000,500000000,0,0,0,-155000000,39289000,718336000,-607741000,-54446000,509699000,59513000,509699000,509699000,1522408000,0,858310000,6,34207000,40061000,86298000,-37946000,-11368000,-26331000,19851000,513000,0,6,72,4,119,0,2922620000,-214306000,1410170000,450000000,0,3184358000,1730698000,1448597000,1150450000,2033908000,3184358000,13476084000,-2128013000,3.52,144800852.3
CHTR,12/31/2015,1972000000,5000000,-139000000,589,-1840000000,2028000000,0,5000000,0,0,6426000000,17,0,1590000000,2125000000,975000000,-331000000,0,0,8345000000,1168000000,34,3328000000,-60000000,6862000000,1306000000,0,0,319000000,35723000000,0,0,0,14719000000,2000000,2359000000,14675000000,-17032000000,-271000000,184000000,-271000000,-399000000,279000000,0,1114000000,11,22596000000,61000000,0,-13000000,0,-15192000000,77000000,-3000000,2125000000,3,720,3,17,0,-2061000000,-8000000,89000000,0,0,39316000000,345000000,1972000000,-46000000,39362000000,39316000000,9754000000,0,-2.43,111522633.7
CL,12/31/2015,3232000000,-75000000,0,463,-691000000,1438000000,27,970000000,-13000000,1466000000,6635000000,124,67000000,233000000,449000000,2763000000,2763000000,-107000000,0,3796000000,2103000000,59,9399000000,1215000000,1346000000,0,1180000000,-143000000,-67000000,6269000000,0,255000000,0,421000000,-119000000,2949000000,-2276000000,-685000000,1384000000,1074000000,1384000000,1384000000,1427000000,0,2789000000,17,262000000,807000000,0,-3962000000,0,149000000,1966000000,33000000,0,17,924,9,91,0,18861000000,-1204000000,6610000000,302000000,0,11958000000,4384000000,3534000000,-299000000,12257000000,11958000000,16034000000,-18102000000,1.53,904575163.4
CLX,6/30/2015,1010000000,6000000,13000000,492,-125000000,775000000,27,382000000,-25000000,159000000,3190000000,102,0,95000000,169000000,1021000000,921000000,-19000000,0,918000000,1067000000,44,2465000000,315000000,585000000,100000000,385000000,0,122000000,1796000000,0,0,0,-128000000,53000000,874000000,-696000000,-106000000,580000000,0,580000000,606000000,519000000,0,1008000000,18,165000000,143000000,0,-502000000,0,19000000,750000000,6000000,0,16,781,10,74,136000000,1923000000,-183000000,1321000000,395000000,0,4164000000,1429000000,1405000000,118000000,4046000000,4164000000,5655000000,-2237000000,4.45,130337078.7
CMG,12/31/2015,279942000,-3504000,-6916000,22,-257418000,1172628000,237,248005000,262000,358000,3326936000,291,0,284267000,130368000,769867000,769867000,-4196000,0,1217220000,21939000,26,1174287000,294265000,0,0,15043000,-206722000,16911000,0,622939000,0,0,0,-171460000,683316000,-386440000,-464140000,475602000,8888000,475602000,475602000,96435000,16922000,763589000,17,48321000,39965000,0,-8273000,0,0,32883000,54789000,130368000,17,36,11,286,0,2197873000,-460882000,250214000,0,415199000,2725066000,814647000,279942000,2127974000,597092000,2725066000,4501223000,-1234612000,15.3,31085098.04
CMI,12/31/2015,2978000000,103000000,33000000,19,-744000000,0,48,1711000000,150000000,2178000000,14163000000,209,0,0,514000000,2090000000,2025000000,-87000000,315000000,3745000000,482000000,26,4947000000,555000000,328000000,65000000,2707000000,-11000000,-70000000,1576000000,975000000,344000000,0,-73000000,-590000000,2059000000,-1644000000,-918000000,1399000000,73000000,1399000000,1714000000,2640000000,301000000,2057000000,11,1657000000,789000000,762000000,-1359000000,10000000,-163000000,2005000000,-181000000,0,11,27,7,138,735000000,10322000000,-910000000,2169000000,63000000,100000000,15134000000,7947000000,3803000000,7406000000,7728000000,15134000000,19110000000,-3735000000,7.86,177989821.9
CMS,12/31/2015,1123000000,120000000,19000000,14,-1564000000,4837000000,12,285000000,147000000,3000000,4281000000,101,0,2073000000,750000000,1196000000,796000000,0,14000000,14705000000,0,34,2175000000,271000000,0,400000000,778000000,-385000000,-26000000,8518000000,1091000000,37000000,0,742000000,39000000,1640000000,463000000,-2064000000,537000000,143000000,523000000,537000000,929000000,0,1163000000,18,2183000000,328000000,224000000,-47000000,0,-115000000,3431000000,-19000000,750000000,12,20,8,67,0,-855000000,43000000,262000000,955000000,0,20299000000,2320000000,2302000000,3938000000,16324000000,20262000000,6456000000,0,1.9,282631578.9
CNP,12/31/2015,758000000,345000000,27000000,20,-1584000000,0,43,264000000,28000000,0,5109000000,109,0,5052000000,997000000,-673000000,-1130000000,0,-1633000000,11537000000,840000000,31,2277000000,-438000000,0,457000000,347000000,180000000,-276000000,7901000000,2993000000,0,0,-54000000,-34000000,1865000000,-512000000,-1387000000,-692000000,1323000000,-692000000,-2325000000,1044000000,0,933000000,13,3275000000,229000000,343000000,0,0,17000000,2453000000,140000000,970000000,15,33,9,95,0,0,0,374000000,1366000000,805000000,21334000000,2689000000,2467000000,3461000000,17873000000,21334000000,7386000000,0,-1.61,429813664.6
COG,12/31/2015,215552000,112406000,3866000,6,-955602000,721997000,0,514000,-3023000,42377000,580994000,61,0,842529000,626665000,-90362000,-187273000,0,6415000,4976879000,0,57,776156000,-73382000,0,96911000,17049000,-45385000,-65244000,2005000000,103517000,0,0,265162000,-20440000,740737000,232157000,-993334000,-113891000,186326000,-113891000,-107476000,124552000,142335000,-90362000,7,36717000,2671000,0,-365000,85000,7653000,169630000,-2502000,622211000,14,9,8,54,0,1552014000,0,112253000,20000000,0,5261899000,144786000,235552000,2009188000,3252711000,5261899000,1357150000,-306835000,-0.28,406753571.4
COL,9/30/2015,1357000000,-46000000,15000000,37,-210000000,1519000000,12,252000000,-23000000,2000000,3630000000,157,165000000,0,252000000,1023000000,962000000,-23000000,0,964000000,1904000000,31,1614000000,268000000,703000000,61000000,1824000000,0,77000000,1680000000,0,5000000,0,-56000000,-71000000,749000000,-492000000,-294000000,686000000,50000000,686000000,694000000,1038000000,0,1008000000,19,344000000,110000000,255000000,-1699000000,-1000000,-84000000,1684000000,-258000000,0,18,51,13,68,0,5124000000,-281000000,606000000,448000000,0,7304000000,3224000000,2060000000,1875000000,5429000000,7304000000,5244000000,-3071000000,5.19,132177264
COST,8/30/2015,12292000000,0,104000000,22,-2393000000,5218000000,39,4801000000,-890000000,2000000,1.01E+11,101,0,0,1127000000,3728000000,3604000000,-418000000,0,15401000000,0,13,15134000000,1195000000,0,124000000,8908000000,-67000000,880000000,4852000000,0,226000000,0,1079000000,-937000000,4285000000,-2324000000,-2480000000,2377000000,202000000,2377000000,2377000000,1224000000,65000000,3624000000,3,837000000,228000000,2964000000,-1121000000,-143000000,-20000000,783000000,557000000,0,3,34,2,48,0,6518000000,-481000000,11445000000,1283000000,1618000000,33017000000,16779000000,16539000000,10617000000,22400000000,33017000000,1.16E+11,0,5.41,439371534.2
CPB,8/2/2015,1263000000,12000000,3000000,48,-380000000,339000000,9,253000000,-18000000,12000000,5300000000,75,0,505000000,303000000,1057000000,949000000,-32000000,0,2347000000,2344000000,34,2782000000,283000000,1205000000,108000000,995000000,0,1000000,2539000000,0,-4000000,0,-209000000,21000000,1182000000,-526000000,-603000000,666000000,249000000,666000000,666000000,647000000,102000000,1054000000,13,88000000,198000000,0,-168000000,-3000000,-223000000,850000000,-31000000,0,12,69,8,39,117000000,1754000000,-226000000,1509000000,1543000000,0,8077000000,2093000000,2806000000,1381000000,6696000000,8077000000,8082000000,-556000000,2.21,301357466.1
CRM,1/31/2015,1103335000,-544610000,5785000,7,-290454000,4604485000,23,908117000,0,651000,1289270000,80,162796000,34681000,745558000,-139848000,-213085000,-38391000,0,1125866000,3782660000,76,4084316000,49603000,433398000,73237000,0,-542782000,958803000,1370692000,1070629000,0,0,-342200000,126482000,1173714000,-310481000,-698360000,-262688000,551736000,-262688000,-262688000,1905506000,0,-145633000,3,575234000,613609000,3286768000,-24108000,0,134876000,894468000,-275085000,0,4,5,5,80,792917000,-605845000,308989000,3437032000,0,87312000,10665127000,3514544000,4390103000,3975183000,6689944000,10665127000,5373586000,0,-0.42,625447619
CSCO,7/25/2015,4215000000,-1047000000,997000000,15,-1227000000,0,258,6877000000,-116000000,43592000000,19480000000,313,4454000000,5359000000,2442000000,11767000000,11201000000,0,0,3332000000,24469000000,60,29681000000,2220000000,2376000000,566000000,1627000000,-8379000000,1497000000,21457000000,3858000000,9000000,0,4469000000,151000000,12552000000,-2313000000,-10088000000,8981000000,1165000000,8981000000,8981000000,9835000000,484000000,10770000000,22,1516000000,1490000000,15300000000,61000000,-14000000,-482000000,3438000000,-370000000,359000000,23,19,18,306,6207000000,16045000000,-2810000000,11861000000,3897000000,53539000000,1.13E+11,73368000000,23412000000,59698000000,53675000000,1.13E+11,49161000000,0,1.76,5102840909
CSX,12/25/2015,1362000000,149000000,98000000,17,-2562000000,113000000,74,628000000,0,966000000,3293000000,145,0,9179000000,1208000000,3682000000,3138000000,0,0,30174000000,0,72,8518000000,1170000000,0,544000000,350000000,-514000000,-259000000,10515000000,1394000000,16000000,0,971000000,-41000000,3370000000,-519000000,-2892000000,1968000000,388000000,1968000000,1968000000,982000000,0,3584000000,30,337000000,70000000,570000000,-665000000,0,184000000,1431000000,-84000000,1208000000,27,27,17,128,0,11238000000,-804000000,3726000000,20000000,810000000,34745000000,2840000000,1952000000,11652000000,23093000000,34745000000,11811000000,0,2,984000000
CTAS,5/31/2015,507965000,-1443000,339000,22,-217720000,157183000,85,417073000,23785000,329248000,2555549000,341,0,339327000,155082000,718485000,653324000,-8918000,21739000,871421000,1195612000,43,1921337000,242803000,42434000,65161000,226211000,-256000,2855000,1300000000,329692000,0,0,-518000,-96215000,580276000,-712560000,44987000,430618000,11407000,430618000,410521000,497066000,0,696407000,16,17494000,579376000,704000,-8471000,1589000,262963000,112009000,-42028000,0,15,34,10,297,0,4227620000,-511740000,1224930000,0,16081000,4192460000,1735807000,508669000,1932455000,2260005000,4192460000,4476886000,-2773125000,3.68,117015760.9
CTL,12/31/2015,2881000000,-132000000,23000000,6,-2872000000,15178000000,3,126000000,0,544000000,7778000000,58,0,3569000000,4186000000,2628000000,1316000000,0,0,18069000000,20742000000,57,10122000000,438000000,5483000000,1312000000,0,0,-277000000,18722000000,0,0,0,-292000000,-2000000,5152000000,-2301000000,-2853000000,878000000,609000000,878000000,878000000,1943000000,0,2605000000,15,660000000,581000000,220000000,-1934000000,-3000000,19000000,6649000000,-112000000,4189000000,7,9,5,58,0,272000000,-808000000,3328000000,1503000000,0,47604000000,2650000000,4604000000,14060000000,33544000000,47604000000,17900000000,0,1.58,555696202.5
CTSH,12/31/2015,1983700000,-322400000,39300000,17,-272800000,453000000,182,2125200000,0,6100000,7440200000,291,347800000,52600000,330000000,2181300000,2163600000,-19500000,0,1271400000,2404700000,40,4975800000,540000000,864300000,17700000,0,-1096100000,502200000,881200000,0,0,0,-353400000,115100000,2153300000,-648100000,-1370600000,1623600000,91000000,1623600000,1623600000,2621600000,0,2142000000,17,268600000,337500000,323700000,-106200000,0,-1700000,139800000,-71100000,325200000,17,23,13,291,0,8925200000,-328400000,2508600000,406300000,2824300000,13065400000,7908600000,2713700000,9278100000,3787300000,13065400000,12416000000,0,2.67,608089887.6
CTXS,12/31/2015,431215000,-7226000,5945000,16,-160825000,4566919000,52,368518000,703000,299000,614364000,100,215196000,414314000,428892000,356030000,311877000,-10313000,0,373817000,1962722000,81,2661230000,-7484000,283418000,44153000,10521000,205987000,229152000,1311071000,891964000,0,0,-7569000,108369000,1034548000,-691451000,-224415000,319361000,74273000,319361000,319361000,669276000,167548000,350085000,11,56449000,132784000,1249754000,-28527000,-46336000,-269577000,87717000,-10607000,41595000,10,16,10,100,563975000,3474625000,-643419000,1538027000,0,502852000,5467517000,1683951000,1680969000,1973446000,3494071000,5467517000,3275594000,-6039870000,2.01,158886069.7
CVS,12/31/2015,14319000000,1594000000,0,14,-2367000000,30948000000,11,2459000000,1141000000,17000000,1.27E+11,126,0,4217000000,2092000000,9454000000,8616000000,-20000000,0,9855000000,38106000000,17,26528000000,3386000000,13878000000,838000000,14001000000,387000000,3495000000,26267000000,0,7000000,39000000,11218000000,-22000000,8412000000,5006000000,-13420000000,5237000000,-36000000,5237000000,5230000000,11888000000,0,9454000000,6,1440000000,722000000,0,-389000000,-61000000,-11440000000,1542000000,-357000000,0,6,23,3,65,0,35506000000,-4702000000,0,8850000000,88000000,92437000000,29158000000,23169000000,37196000000,55241000000,92437000000,1.53E+11,-28886000000,4.66,1123819742
CVX,12/31/2015,21536000000,-59000000,3868000000,3,-29504000000,16330000000,43,11022000000,0,1832000000,92785000000,134,6801000000,44154000000,21037000000,4842000000,4842000000,-226000000,4684000000,1.90E+11,4588000000,29,37140000000,132000000,0,0,6334000000,166000000,-868000000,33664000000,29522000000,1170000000,0,10724000000,-1763000000,19456000000,2815000000,-23808000000,4587000000,-3609000000,4587000000,9271000000,12860000000,3340000000,-3710000000,3,0,4821000000,0,-4531000000,0,5530000000,7935000000,-1755000000,21037000000,4,3,4,110,0,1.82E+11,211000000,16473000000,4928000000,310000000,2.66E+11,35347000000,26464000000,1.53E+11,1.13E+11,2.66E+11,1.30E+11,-42493000000,2.46,1864634146
CXO,12/31/2015,241723000,117716000,631404000,1,-2511403000,4628390000,38,228550000,-5154000,129000,541359000,220,15585000,1630373000,1230853000,312655000,97271000,0,0,10996065000,0,70,1262214000,31371000,25693000,215384000,0,541574000,-73721000,3332188000,167038000,0,0,-232041000,228529000,897505000,1300749000,-1969725000,65900000,-434363000,65900000,65900000,394580000,119376000,381003000,21,122945000,691420000,354697000,0,2150000,104000,140344000,-3726000,1230853000,5,1,4,220,0,2345641000,1530640000,230734000,0,0,12641876000,1314550000,596420000,6942551000,5699325000,12641876000,1803573000,-31609000,0.54,122037037
D,12/31/2015,1241000000,294000000,196000000,15,-5575000000,0,8,623000000,-26000000,6680000000,6201000000,52,0,7414000000,1669000000,3732000000,2828000000,0,0,41554000000,3294000000,47,5482000000,905000000,570000000,904000000,1348000000,-901000000,-251000000,23616000000,5774000000,938000000,0,3004000000,289000000,4475000000,2317000000,-6503000000,1899000000,788000000,1899000000,1899000000,1369000000,0,3536000000,30,3414000000,851000000,1232000000,-474000000,-224000000,-27000000,6045000000,78000000,1395000000,24,22,16,35,0,6458000000,1073000000,551000000,5647000000,0,58797000000,4191000000,8120000000,12664000000,46133000000,58797000000,11683000000,0,3.21,591588785
DAL,12/31/2015,7244000000,-56000000,-164000000,42,-2945000000,12936000000,31,3959000000,155000000,0,17096000000,52,4956000000,2246000000,1835000000,7638000000,7157000000,0,0,23039000000,9794000000,58,23608000000,2631000000,4861000000,481000000,697000000,-759000000,-295000000,6766000000,0,0,0,-1520000000,-116000000,7927000000,-4088000000,-3955000000,4526000000,224000000,4526000000,4526000000,2020000000,35000000,7802000000,19,1428000000,915000000,6138000000,-7275000000,-367000000,-251000000,15746000000,1538000000,1835000000,18,66,11,48,0,5562000000,-2200000000,13936000000,4144000000,1465000000,53134000000,9056000000,17526000000,10850000000,42284000000,53134000000,40704000000,-373000000,5.68,796830985.9
DD,12/31/2015,9151000000,-448000000,-113000000,20,-1629000000,11081000000,60,5300000000,164000000,288000000,15112000000,169,3799000000,417000000,1466000000,2933000000,2591000000,-275000000,0,9784000000,4248000000,40,10018000000,696000000,4144000000,342000000,6140000000,-161000000,-1302000000,7642000000,688000000,207000000,0,2141000000,-1610000000,2316000000,-1823000000,-1828000000,1953000000,477000000,1953000000,1895000000,4643000000,0,3046000000,12,1116000000,398000000,0,-9396000000,-339000000,-38000000,12591000000,0,0,10,26,8,109,1898000000,14510000000,-2079000000,5074000000,1165000000,906000000,41166000000,17387000000,10316000000,9993000000,31173000000,41166000000,25130000000,-6727000000,2.17,900000000
DG,1/30/2015,1861314000,0,0,19,-373967000,3048806000,30,579823000,-233559000,265514000,13107081000,180,0,626858000,342353000,1769093000,1680861000,0,0,2116075000,4338589000,31,5802507000,615516000,1201870000,88232000,2782521000,0,151200000,2623965000,0,0,0,-78467000,74257000,1314744000,-868788000,-371699000,1065345000,16008000,1065345000,1065345000,0,0,1769093000,9,19499000,170265000,0,-7327000,0,2268000,285309000,-26603000,0,9,29,6,38,0,2403045000,-802468000,4033414000,101158000,0,11208642000,3532609000,1962472000,5710038000,5498604000,11208642000,18909588000,0,3.5,304384285.7
DGX,12/31/2015,1014000000,-262000000,-143000000,15,-263000000,2481000000,11,133000000,0,2000000,4657000000,128,0,0,304000000,1256000000,1103000000,0,23000000,925000000,5905000000,38,2836000000,373000000,984000000,153000000,84000000,-32000000,-72000000,3492000000,473000000,29000000,70000000,-84000000,-59000000,810000000,-507000000,-362000000,709000000,128000000,709000000,753000000,901000000,0,1399000000,19,174000000,383000000,0,-38000000,-73000000,-67000000,514000000,-41000000,81000000,15,24,9,121,0,6199000000,-101000000,1356000000,159000000,0,9962000000,1501000000,1173000000,4684000000,5278000000,9962000000,7493000000,-3960000000,4.92,144105691.1
DHR,12/31/2015,5325200000,-52100000,17700000,14,-633000000,4981200000,13,790800000,119700000,8000000,9800600000,127,0,0,1051300000,3486800000,3324000000,-115800000,0,2825600000,25070300000,52,10762500000,725300000,11270300000,162800000,2095400000,-44100000,221800000,12025200000,0,73700000,0,9158600000,-2214800000,3801800000,9050200000,-14951000000,3357400000,-632100000,3357400000,2598700000,3964100000,0,3469100000,17,1219300000,986400000,0,-2311200000,-3300000,-14273900000,6262600000,-238000000,0,16,14,16,93,1239100000,21012300000,249000000,6054300000,845200000,0,48222200000,7836700000,6170400000,23690300000,24531900000,48222200000,20563100000,0,4.81,698004158
DIS,10/3/2015,7844000000,-211000000,0,19,-4265000000,0,26,4269000000,1000000,35122000000,28364000000,103,0,4051000000,2354000000,13868000000,13868000000,-302000000,814000000,25179000000,27826000000,46,24101000000,5016000000,7172000000,0,1571000000,166000000,305000000,12773000000,2643000000,4130000000,0,2705000000,848000000,10909000000,-5514000000,-4245000000,8382000000,-426000000,8382000000,9196000000,8786000000,53000000,13171000000,25,8604000000,2132000000,3927000000,-2421000000,-402000000,-146000000,6369000000,34000000,2354000000,26,31,16,93,0,59028000000,-4754000000,8523000000,4563000000,0,88182000000,16758000000,16334000000,44525000000,43657000000,88182000000,52465000000,-47204000000,4.95,1693333333
DLPH,12/31/2015,3745000000,-207000000,-88000000,64,-704000000,1653000000,14,536000000,-38000000,3000000,12155000000,130,0,0,551000000,1635000000,1508000000,-45000000,16000000,3377000000,1539000000,20,3010000000,263000000,1383000000,127000000,1181000000,0,-58000000,3956000000,94000000,483000000,0,1497000000,-325000000,1703000000,-284000000,-1699000000,1450000000,-39000000,1450000000,1261000000,2750000000,177000000,1723000000,11,459000000,654000000,130000000,-1033000000,-59000000,-995000000,1357000000,-77000000,93000000,10,67,10,100,0,1627000000,-1159000000,1017000000,52000000,0,11973000000,5121000000,3927000000,2250000000,9723000000,11973000000,15165000000,0,5.08,285433070.9
DLTR,1/31/2015,476300000,0,-5900000,34,-325600000,43000000,100,864100000,-6000000,2100000,5568200000,231,30600000,0,205900000,1034300000,954200000,-800000,0,1210500000,164600000,35,3034000000,355000000,1500000,80100000,1035700000,9000000,115400000,682700000,0,0,0,-12800000,596400000,926800000,-14600000,-315000000,599200000,24500000,599200000,599200000,28300000,0,1040200000,12,90900000,66500000,385300000,-34100000,0,1600000,163400000,-12200000,0,11,53,7,111,0,1774000000,5500000,1993800000,0,0,3492700000,1994600000,861600000,1785000000,1707700000,3492700000,8602200000,0,2.91,205910652.9
DNB,12/31/2015,291400000,-24500000,-6000000,15,-12800000,292200000,38,365700000,0,800000,0,100,93800000,0,98500000,331000000,280000000,-31100000,2700000,27200000,704000000,100,1637100000,74200000,428800000,51000000,0,-21900000,4400000,1804100000,4200000,11500000,0,171300000,46300000,343200000,110700000,-376500000,168800000,68200000,168800000,204200000,549200000,32300000,337000000,21,56000000,44700000,647800000,-965500000,-600000,-341800000,615600000,17100000,58700000,17,25,10,100,0,2932800000,8400000,1209100000,20000000,0,2273600000,959600000,959200000,-1116800000,3390400000,2273600000,1637100000,-3377100000,4.68,36068376.07
DOV,12/31/2015,1216060000,37916000,11524000,24,-154251000,928409000,26,362185000,63129000,256113000,4388167000,177,0,575709000,327089000,932286000,800610000,-26061000,0,854269000,3737389000,37,2568144000,204729000,1413223000,131676000,802895000,-17752000,-108335000,2603655000,0,0,0,-232748000,-319396000,949059000,-1091886000,-34578000,869829000,-233168000,869829000,595881000,1120490000,0,920762000,13,182185000,133440000,0,-254573000,0,137425000,414955000,-123331000,0,12,22,13,118,0,7686642000,-596140000,1647382000,151122000,0,8606076000,2419010000,1367182000,3644575000,4961501000,8606076000,6956311000,-4972016000,5.52,157577717.4
DPS,12/31/2015,304000000,-25000000,3000000,35,-179000000,211000000,58,911000000,-11000000,2000000,2559000000,115,64000000,1968000000,163000000,1301000000,1184000000,-9000000,0,1156000000,2988000000,59,3723000000,420000000,2663000000,117000000,209000000,-35000000,22000000,2875000000,31000000,0,0,745000000,683000000,991000000,-114000000,-194000000,764000000,70000000,764000000,764000000,628000000,0,1298000000,21,150000000,69000000,772000000,-195000000,-30000000,20000000,260000000,8000000,105000000,19,54,12,102,0,2165000000,-491000000,2320000000,507000000,0,8869000000,1817000000,1583000000,2183000000,6686000000,8869000000,6282000000,0,4,191000000
DRI,5/31/2015,404000000,-7800000,0,30,-296500000,0,45,535900000,-64500000,1405900000,5341500000,88,0,567700000,327900000,175300000,175300000,0,0,3215800000,872400000,21,1422500000,-21100000,574600000,0,163900000,9700000,14900000,1452300000,0,0,0,-1181400000,437600000,874300000,-1784500000,-235100000,709500000,-250000000,709500000,196400000,235400000,62100000,367600000,5,275500000,121200000,777700000,-90600000,0,51700000,444500000,1680700000,319300000,3,8,10,75,0,1026000000,-342600000,673500000,15000000,0,5994700000,1056400000,1196700000,2333500000,3661200000,5994700000,6764000000,-7800000,5.56,127607913.7
DUK,12/31/2015,3178000000,359000000,349000000,7,-6766000000,37968000000,8,857000000,-237000000,1000000,13728000000,73,43000000,13177000000,3613000000,5750000000,4137000000,0,69000000,75709000000,16343000000,41,9731000000,1326000000,0,1613000000,3810000000,1374000000,-119000000,37495000000,6324000000,44000000,0,1171000000,-1179000000,6676000000,-2578000000,-5277000000,2816000000,539000000,2816000000,2811000000,2451000000,120000000,5367000000,23,14415000000,1204000000,2515000000,-806000000,-3000000,115000000,19313000000,-310000000,3144000000,18,10,12,40,0,2564000000,-1483000000,1135000000,5707000000,0,1.21E+11,8322000000,11400000000,39727000000,81429000000,1.21E+11,23459000000,0,4.05,695308642
DVA,12/31/2015,1255876000,-170106000,-447559000,6,-707998000,1118326000,79,1499116000,-48313000,217000,9824834000,188,0,726962000,638024000,723136000,723136000,-2571000,18325000,2788740000,9294479000,29,3957003000,295726000,1687326000,0,185575000,-97032000,256947000,9001308000,167490000,213392000,864066000,619698000,533875000,1557200000,-138970000,-881784000,269732000,943290000,269732000,427410000,2220183000,219474000,1170695000,8,73560000,190322000,682123000,-59826000,0,-76754000,439229000,-490052000,638024000,5,15,2,180,0,4356835000,-535518000,1947135000,461139000,408084000,18514875000,4503280000,2399138000,4870780000,13644095000,18514875000,13781837000,-544772000,1.27,212387401.6
DVN,12/31/2015,906000000,0,-24000000,205,-6415000000,4996000000,70,2310000000,0,42000000,2104000000,122,0,888000000,3385000000,-20751000000,-21268000000,-77000000,0,19068000000,5032000000,84,11041000000,-6065000000,0,517000000,0,0,-6000000,12056000000,0,3940000000,0,1831000000,830000000,5373000000,1858000000,-6324000000,-14454000000,17223000000,-14454000000,-14454000000,1105000000,20898000000,-20727000000,158,1330000000,606000000,1413000000,230000000,-18000000,91000000,2223000000,-26000000,3129000000,162,302,110,122,0,1781000000,695000000,7741000000,976000000,0,29451000000,4021000000,3295000000,7049000000,22402000000,29451000000,13145000000,0,-35.55,406582278.5
EA,3/31/2015,862000000,-54000000,0,29,-95000000,2127000000,110,2068000000,19000000,3000000,1429000000,135,13000000,80000000,220000000,925000000,925000000,-56000000,0,459000000,1713000000,68,3086000000,50000000,111000000,0,36000000,-375000000,-222000000,31000000,0,0,0,0,286000000,1067000000,-255000000,-470000000,875000000,141000000,875000000,875000000,416000000,0,948000000,21,131000000,247000000,1283000000,2000000,0,0,253000000,88000000,14000000,20,30,19,134,1094000000,904000000,-277000000,1030000000,602000000,953000000,6147000000,3720000000,2747000000,3036000000,3111000000,6147000000,4515000000,0,2.81,311387900.4
EBAY,12/31/2015,2157000000,-105000000,0,26,-668000000,14538000000,271,1832000000,0,2000000,1771000000,349,0,2092000000,687000000,2406000000,2406000000,-364000000,0,1554000000,4451000000,79,6821000000,459000000,90000000,0,0,37000000,-1000000,6749000000,3391000000,0,0,-850000000,-4496000000,4033000000,-4554000000,-3611000000,1725000000,571000000,1725000000,1947000000,619000000,0,2197000000,26,365000000,1154000000,106000000,526000000,-1850000000,-2980000000,75000000,0,41000000,28,37,20,349,923000000,7713000000,-1928000000,3660000000,0,4299000000,17755000000,7904000000,2263000000,6576000000,11179000000,17755000000,8592000000,-16203000000,1.43,1206293706
ECL,12/31/2015,1610800000,-24000000,0,15,-771000000,5086100000,2,92800000,-48600000,350300000,7223500000,93,0,0,859500000,1561300000,1317700000,-49900000,0,3228300000,6490800000,47,6321600000,300500000,4109200000,243600000,1388200000,108400000,62300000,4260200000,0,70500000,0,-123100000,-116800000,1999800000,-1150900000,-915800000,1002100000,202500000,1002100000,1002100000,2640200000,414800000,1561300000,12,365900000,326300000,948300000,-1423300000,-12900000,-253200000,2636700000,-69100000,0,10,19,7,64,0,6160300000,-672000000,4345500000,2205300000,0,18641700000,4447500000,4764400000,6909900000,11731800000,18641700000,13545100000,-3263500000,3.38,296479289.9
ED,12/31/2015,1303000000,69000000,24000000,9,0,0,20,944000000,22000000,0,7060000000,81,186000000,9775000000,1078000000,2451000000,1798000000,0,0,32209000000,429000000,44,5494000000,605000000,2000000,653000000,350000000,-3353000000,201000000,12006000000,884000000,9000000,0,1361000000,249000000,3277000000,629000000,-3657000000,1193000000,750000000,1193000000,1193000000,1882000000,0,2427000000,19,8096000000,660000000,1083000000,0,0,-304000000,6080000000,-36000000,1130000000,14,14,10,74,0,0,1000000,1937000000,2334000000,0,45642000000,3836000000,4720000000,13052000000,32590000000,45642000000,12554000000,0,4.07,293120393.1
EFX,12/31/2015,292500000,-26900000,6500000,19,-146200000,1260500000,15,93300000,0,236600000,887400000,93,0,205500000,200000000,700400000,636600000,-17300000,0,366800000,2571000000,67,1776200000,201800000,922600000,63800000,0,-100000,123800000,1145900000,0,39500000,0,-331000000,-35000000,742100000,-612000000,-147800000,429100000,-5500000,429100000,434800000,349800000,0,693900000,26,87000000,118500000,262000000,-490700000,0,-1500000,203400000,15900000,198000000,24,28,16,93,0,3834400000,-161900000,884300000,49300000,0,4509000000,561600000,603800000,2310900000,2198100000,4509000000,2663600000,-2529900000,3.61,118864265.9
EIX,12/31/2015,1382000000,49000000,115000000,10,-4225000000,0,3,161000000,14000000,2484000000,7256000000,54,0,10826000000,2005000000,2123000000,1568000000,0,0,35085000000,0,37,4268000000,486000000,0,555000000,267000000,374000000,8000000,10964000000,4618000000,2020000000,6000000,86000000,29000000,4509000000,-588000000,-3892000000,1117000000,-300000000,1020000000,1082000000,1336000000,5000000,2008000000,17,7953000000,890000000,2337000000,-56000000,-25000000,-41000000,10199000000,1616000000,1919000000,14,14,10,48,0,8940000000,11000000,336000000,1208000000,0,50310000000,2654000000,4927000000,11368000000,38942000000,50310000000,11524000000,0,3.13,356869009.6
EL,6/30/2015,2100000000,103200000,14300000,30,-473000000,2871600000,72,1021400000,-26200000,5700000,2100600000,196,0,0,409300000,1620600000,1560600000,-40000000,0,1490200000,1144800000,81,8679800000,467200000,326600000,60000000,1215800000,-902200000,263400000,1595100000,420300000,11100000,0,299200000,-607700000,1943300000,-894800000,-1616200000,1088900000,92400000,1088900000,1088900000,1174500000,0,1606300000,15,661400000,268200000,0,-381500000,0,-241000000,847700000,7800000,0,14,43,10,139,0,7004100000,-881400000,7073500000,29800000,503700000,8226900000,4183600000,2129800000,3643200000,4572600000,8215800000,10780400000,-5856700000,2.87,379407665.5
EMN,12/31/2015,1625000000,114000000,8000000,22,-652000000,1863000000,14,293000000,-26000000,2000000,7068000000,140,0,928000000,571000000,1392000000,1129000000,-8000000,0,5130000000,4518000000,27,2580000000,275000000,2650000000,263000000,1479000000,0,-361000000,6608000000,0,80000000,0,-505000000,79000000,1612000000,-832000000,-693000000,848000000,329000000,848000000,854000000,1038000000,183000000,1384000000,14,435000000,68000000,0,-390000000,0,-41000000,1998000000,131000000,0,12,29,9,68,251000000,5146000000,-83000000,762000000,431000000,0,15611000000,2878000000,2056000000,3941000000,11670000000,15611000000,9648000000,-2680000000,5.71,148511383.5
EMR,9/30/2015,3682000000,-241000000,1039000000,34,-588000000,170000000,39,3054000000,11000000,477000000,9241000000,129,0,0,573000000,3982000000,3807000000,-267000000,0,7015000000,3847000000,43,7008000000,1267000000,938000000,175000000,1265000000,0,-271000000,4289000000,0,47000000,0,841000000,-95000000,2529000000,-2948000000,591000000,2733000000,-1085000000,2710000000,2540000000,2870000000,0,2943000000,18,239000000,2860000000,1566000000,-1617000000,-19000000,1179000000,1871000000,320000000,0,23,47,17,113,0,21308000000,-2501000000,4065000000,2552000000,0,22088000000,10049000000,7800000000,8081000000,14007000000,22088000000,16249000000,-12257000000,4.01,681546134.7
EOG,12/31/2015,1657117000,641412000,1916000,35,-5013163000,2923461000,39,718506000,58450000,205502000,2177757000,142,0,4587902000,3313644000,-6684163000,-6921556000,-14537000,0,24210721000,0,75,6579671000,-2397041000,0,237393000,598935000,0,-1463656000,6653685000,0,0,0,737836000,-1368707000,3595165000,370921000,-5320256000,-4524515000,4951920000,-4524515000,-4524515000,1119126000,6777786000,-6686079000,76,172279000,155677000,155591000,-33338000,26191000,-307093000,971335000,617910000,3313644000,79,53,52,110,0,9870816000,-26101000,3174320000,6579000,0,26975244000,2592244000,1819287000,12943035000,14032209000,26975244000,8757428000,-23406000,-8.29,545779855.2
EQIX,12/31/2015,504055000,-44583000,-57289000,7,-906402000,4838444000,164,2708255000,0,62000,1291506000,197,0,0,541630000,510053000,210998000,-15127000,0,5606436000,1063200000,53,1434361000,23224000,224565000,299055000,0,514108000,126114000,5564542000,4584000,0,0,1553175000,1617921000,894793000,1873182000,-1134927000,187774000,154229000,187774000,187485000,291964000,41723000,567342000,21,198630000,246186000,195821000,-509059000,0,-742633000,390413000,-70371000,0,8,8,7,197,0,-1576688000,859536000,825296000,956478000,12875000,10356695000,3259280000,1656354000,2745386000,7611309000,10356695000,2725867000,-7373000,3.25,57776615.38
EQT,12/31/2015,291550000,131031000,395715000,2,-2434018000,0,201,1601232000,0,2153280000,523043000,283,0,1972170000,819216000,573092000,426561000,0,0,11472021000,0,73,1430957000,104675000,0,146531000,0,0,-37623000,2793343000,77025000,2950251000,0,129996000,523803000,1216940000,1832470000,-2525607000,85171000,33222000,85171000,321886000,176957000,184439000,177377000,9,176107000,472830000,181835000,46378000,-10048000,-91589000,386798000,-50792000,819216000,22,8,4,283,0,2982212000,1852591000,249925000,322434000,0,13976172000,2251019000,795819000,5077791000,8898381000,13976172000,1954000000,-104079000,0.56,152091071.4
ES,12/31/2015,813646000,-39797000,34227000,8,-1724139000,6262368000,1,23947000,34112000,1669313000,4416194000,88,0,5484780000,688195000,1798391000,1425971000,0,0,19892441000,3519401000,44,3538633000,539967000,0,372420000,336476000,82051000,-61336000,8805574000,516478000,0,155568000,766178000,-14756000,1424025000,220369000,-1659150000,878485000,-127184000,878485000,878485000,1283486000,0,1764164000,22,4033203000,974877000,786308000,-66844000,-8499000,-17062000,2792382000,44031000,688195000,18,14,11,76,0,2797355000,0,1086274000,1389836000,0,30580309000,2618786000,2989790000,10352215000,20228094000,30580309000,7954827000,-309977000,2.77,317142599.3
ETN,12/31/2015,2124000000,5000000,35000000,13,-506000000,11701000000,10,268000000,-20000000,5000000,14292000000,143,362000000,390000000,925000000,2377000000,2145000000,-42000000,0,3565000000,13479000000,31,6563000000,164000000,6014000000,232000000,2323000000,37000000,-233000000,7781000000,0,45000000,0,-602000000,-513000000,2371000000,-2267000000,-575000000,1979000000,-139000000,1979000000,1979000000,3479000000,0,2342000000,11,995000000,369000000,1833000000,-3866000000,-10000000,-106000000,3004000000,-148000000,0,10,14,9,93,625000000,7346000000,-630000000,3596000000,668000000,177000000,31031000000,6616000000,4625000000,15186000000,15800000000,30986000000,20855000000,0,4.25,465647058.8
ETR,12/31/2015,1538953000,26707000,323637000,2,-2500860000,5403758000,44,1350961000,-12376000,2548000,7449273000,132,293805000,8541165000,2117236000,-129565000,-799661000,0,0,28044360000,377172000,35,4063978000,-642927000,0,670096000,1091167000,-58211000,-520388000,13138557000,5822998000,0,318185000,-63376000,-71065000,3291184000,-753467000,-2608782000,-156734000,1130519000,-176562000,-156734000,1068900000,2104906000,-299165000,3,6041934000,556384000,839574000,8951000,-9136000,-74110000,10303025000,706220000,1337276000,7,9,1,96,0,9393913000,-62300000,1074998000,711431000,0,44647681000,4067412000,3089958000,9256791000,35390890000,44647681000,11513251000,-5552379000,-0.99,158317171.7
EW,12/31/2015,476200000,-38300000,3900000,20,-102700000,946800000,257,718400000,-67700000,239100000,617200000,430,180500000,0,65800000,639600000,622400000,-10400000,0,482500000,628300000,75,1876500000,127500000,205400000,17200000,339900000,119600000,163900000,599900000,383500000,0,0,1900000,64600000,549700000,-158600000,-316100000,494900000,-75400000,494900000,494900000,344100000,7000000,635700000,25,131200000,139200000,0,-182600000,-8900000,-333000000,480100000,6500000,0,25,25,20,359,383100000,3336800000,-192900000,850700000,0,506300000,4059300000,2047900000,476200000,2503100000,1556200000,4059300000,2493700000,-1837000000,2.3,215173913
EXPD,12/31/2015,861373000,62619000,15205000,27,-44383000,31000,94,807796000,0,1821000,4428855000,231,0,26389000,46012000,736689000,736689000,-41625000,0,524724000,7927000,33,2187777000,277192000,0,0,0,40294000,-65782000,0,0,2683000,0,0,-119311000,564712000,-634972000,-7426000,457223000,61713000,457223000,457223000,1129121000,0,721484000,11,56417000,56413000,0,-81238000,0,-3337000,0,653000,46012000,11,44,7,231,0,1771379000,-499027000,1420281000,0,40000,2582438000,1993370000,861373000,1691993000,890445000,2582438000,6616632000,0,2.42,188935124
EXPE,12/31/2015,3353171000,-198262000,638591000,16,-787041000,8696508000,29,1687623000,0,23000,1309559000,50,15458000,473841000,671206000,1052157000,925962000,-127385000,0,1064259000,7992941000,80,5362758000,203214000,2793954000,126195000,0,-56180000,325589000,3183140000,642802000,65373000,658478000,1441860000,273599000,1368045000,1404199000,-2371260000,764465000,-550471000,764465000,764465000,1096211000,7491000,413566000,6,0,158688000,2572846000,-284894000,-79734000,-1528039000,314432000,397235000,156458000,14,19,11,50,0,507666000,59745000,4785243000,0,33739000,15485675000,2976261000,5926017000,4864394000,10621281000,15485675000,6672317000,-4054909000,5.87,130232538.3
F,12/31/2015,20272000000,-3563000000,1560000000,26,-7196000000,21421000000,43,14272000000,-1155000000,41000000,1.31E+11,125,11509000000,502000000,7966000000,11025000000,10252000000,-815000000,1818000000,57256000000,0,12,18149000000,2881000000,0,773000000,8319000000,37751000000,7758000000,89879000000,48778000000,15000000,94000000,17148000000,3515000000,16170000000,14322000000,-26162000000,7373000000,-1506000000,7373000000,9191000000,56179000000,0,7647000000,5,4795000000,2913000000,19089000000,-6257000000,-317000000,-56717000000,23457000000,-701000000,0,7,36,5,114,0,14414000000,-129000000,10502000000,42975000000,20904000000,2.25E+11,1.03E+11,82336000000,28642000000,1.96E+11,2.25E+11,1.50E+11,-977000000,1.86,3963978495
FAST,12/31/2015,311116000,-20608000,1784000,29,-155168000,2024000,35,129019000,-47830000,2896000,1920253000,446,0,55057000,86598000,829128000,826020000,-14227000,0,818889000,0,50,1948934000,309659000,0,3108000,913263000,0,5148000,302950000,0,0,0,260000000,14523000,546940000,-337563000,-180627000,516361000,18099000,516361000,516361000,468375000,0,828755000,21,48797000,154119000,0,-46403000,0,-25459000,0,-10828000,0,21,46,13,201,0,1842772000,-273852000,1121590000,62050000,0,2532462000,1664776000,373166000,1801289000,731173000,2532462000,3869187000,0,1.77,291729378.5
FB,12/31/2015,1645000000,-973000000,0,8,-2523000000,34886000000,958,4907000000,0,0,2867000000,1125,0,0,1945000000,6194000000,6194000000,-155000000,0,5687000000,18026000000,84,15061000000,2506000000,3246000000,0,0,-6700000000,1904000000,107000000,0,0,0,-119000000,592000000,10320000000,-139000000,-9434000000,3669000000,3903000000,3669000000,3669000000,2559000000,0,6225000000,35,796000000,659000000,56000000,-455000000,-20000000,-211000000,3157000000,-147000000,0,35,14,20,1125,4816000000,9787000000,0,4020000000,224000000,13527000000,49407000000,21652000000,1925000000,44218000000,5189000000,49407000000,17928000000,0,1.31,2800763359
FBHS,12/31/2015,344200000,-6900000,-4300000,13,-128500000,2602200000,31,238500000,-69800000,1700000,2997500000,187,0,201700000,115700000,491800000,459900000,-14800000,0,627900000,1755300000,35,1581900000,153400000,996700000,31900000,555600000,0,41200000,1171600000,0,2900000,0,499700000,46600000,411100000,416900000,-766600000,315000000,39800000,315000000,306500000,502600000,16600000,496100000,11,80000000,122000000,412900000,-52500000,-1200000,-638100000,293600000,-24400000,21600000,10,19,7,114,0,501600000,-22800000,1047600000,800000,0,4878600000,1418700000,757900000,2450900000,2427700000,4878600000,4579400000,-602100000,1.97,159898477.2
FCX,12/31/2015,3386000000,813000000,45000000,155,-6353000000,24283000000,5,224000000,379000000,137000000,28524000000,173,0,4288000000,3706000000,-13337000000,-13982000000,0,-3000000,36873000000,0,80,-12647000000,-1935000000,0,645000000,4788000000,0,-916000000,19779000000,0,4216000000,764000000,1595000000,-240000000,3220000000,2786000000,-6246000000,-12156000000,11230000000,-12236000000,-12156000000,2277000000,78000000,-13382000000,84,2242000000,173000000,272000000,-503000000,0,107000000,5395000000,97000000,0,88,179,77,62,127000000,-12387000000,1936000000,569000000,649000000,0,46577000000,7462000000,4307000000,7828000000,38749000000,46577000000,15877000000,-3702000000,-11.31,1074801061
FDX,5/31/2015,5937000000,-392000000,-5000000,7,-4347000000,2786000000,63,3763000000,0,32000000,16984000000,174,0,2102000000,2611000000,1862000000,1627000000,-108000000,0,20875000000,3810000000,64,30469000000,577000000,0,235000000,498000000,0,-33000000,7249000000,0,0,0,2486000000,855000000,5366000000,1349000000,-5752000000,1050000000,2142000000,1050000000,1050000000,5719000000,276000000,1867000000,4,1511000000,355000000,0,172000000,-27000000,-1405000000,6231000000,-12000000,2611000000,3,11,2,165,0,16900000000,-934000000,25715000000,19000000,0,36531000000,10335000000,5956000000,14993000000,21538000000,36531000000,47453000000,-4897000000,3.7,283783783.8
FFIV,9/30/2015,181215000,-38680000,8445000,28,-60307000,0,103,390460000,-9246000,10159000,332261000,157,6492000,210303000,52583000,561344000,561344000,-7982000,0,95909000,555965000,83,1587562000,196330000,0,0,33717000,56744000,186082000,0,397656000,0,0,0,116940000,684541000,-556902000,-10699000,365014000,134752000,365014000,365014000,329562000,0,552899000,29,68128000,50519000,573908000,-15288000,0,-7136000,30136000,-5964000,0,29,43,19,153,296583000,1321857000,-566419000,738080000,0,383882000,2312290000,1188140000,755123000,1316728000,995562000,2312290000,1919823000,0,5.07,71994871.79
FIS,12/31/2015,1195600000,-102800000,136800000,7,-133300000,10209700000,29,687600000,0,4300000,4393200000,149,253000000,2688800000,680300000,1236000000,1036900000,-58800000,0,610700000,14744700000,33,2202000000,378800000,6742800000,199100000,0,0,91100000,11497800000,0,85800000,0,1655800000,194800000,1136900000,1014700000,-1898000000,650800000,-28300000,631500000,658100000,2190000000,0,1099200000,17,406200000,633800000,615300000,-279400000,-40900000,-1764700000,311500000,-154200000,0,16,11,10,149,0,3072900000,-263300000,1102800000,553000000,0,26268800000,3511400000,2363900000,9321000000,16947800000,26268800000,6595200000,-3686500000,2.22,293153153.2
FISV,12/31/2015,1024000000,-2000000,-85000000,27,-359000000,952000000,18,275000000,0,4000000,2909000000,100,0,726000000,417000000,1226000000,1057000000,0,32000000,396000000,5200000000,45,2345000000,377000000,1872000000,169000000,0,1000000,144000000,4288000000,0,0,0,414000000,-19000000,1346000000,-1005000000,-360000000,712000000,136000000,712000000,712000000,802000000,0,1311000000,25,366000000,429000000,473000000,-74000000,-6000000,-2000000,164000000,-61000000,0,20,40,14,100,0,8064000000,-1451000000,1034000000,5000000,0,9340000000,1506000000,1502000000,2660000000,6680000000,9340000000,5254000000,-6286000000,3.04,234210526.3
FL,1/31/2015,694000000,0,9000000,21,-190000000,0,139,967000000,-81000000,0,4777000000,353,221000000,0,139000000,814000000,809000000,-26000000,0,620000000,157000000,33,2374000000,289000000,49000000,5000000,1250000000,9000000,84000000,132000000,0,0,0,-3000000,109000000,712000000,-401000000,-176000000,520000000,26000000,520000000,520000000,0,4000000,805000000,11,74000000,239000000,0,0,0,5000000,253000000,24000000,139000000,11,32,7,173,0,0,-283000000,1426000000,2000000,0,3577000000,2456000000,696000000,2496000000,1081000000,3577000000,7151000000,0,3.61,144044321.3
FLIR,12/31/2015,282731000,28258000,13768000,15,-68234000,0,81,472785000,-74816000,1374000,803506000,220,55429000,3623000,49534000,319532000,305446000,-33020000,0,272629000,596316000,48,753561000,63760000,141302000,14086000,393092000,0,16460000,93750000,0,0,0,-15000000,-58589000,275814000,-166538000,-134845000,241686000,17167000,241686000,241686000,326098000,1361000,305764000,20,53210000,95539000,37920000,-125126000,-24000,-66611000,74167000,-2475000,0,20,19,16,153,132892000,1773267000,-98358000,313544000,264694000,0,2406400000,1287514000,585345000,1649515000,756885000,2406400000,1557067000,0,1.73,139702890.2
FLR,12/31/2015,2935352000,0,84851000,14,-240220000,0,73,1949886000,0,1390000,17019352000,174,755557000,0,250791000,771322000,726552000,-97634000,0,892340000,111646000,6,1094696000,245888000,0,44770000,1376471000,-65719000,0,986564000,558564000,116152000,0,-28425000,-43239000,849132000,-728230000,-66507000,412512000,135634000,412512000,480664000,1203024000,0,686471000,4,201899000,378927000,0,-432775000,-12991000,239432000,589991000,303896000,0,4,24,2,127,0,3428732000,-502624000,408225000,0,197092000,7625406000,5105400000,2935352000,2997347000,4628059000,7625406000,18114048000,0,2.85,144741052.6
FLS,12/31/2015,1288142000,50441000,-38102000,16,-181861000,494961000,27,366444000,-26232000,220991000,3073712000,184,69327000,0,127087000,487466000,422196000,-37025000,9861000,758427000,1223986000,33,1487318000,148922000,228777000,65270000,995565000,0,-101670000,1560562000,0,17256000,0,455809000,-83906000,418102000,60312000,-525295000,267669000,100891000,267669000,277530000,988391000,0,525568000,12,224330000,125410000,0,-529810000,99000,-343434000,387786000,-5689000,0,9,25,6,110,0,3587120000,-303651000,971611000,60434000,0,4980657000,2475810000,1348576000,1666477000,3314180000,4980657000,4561030000,-2106785000,2.01,133168656.7
FMC,12/31/2015,1273500000,140900000,1300000,26,-108500000,417700000,5,78600000,78300000,18600000,2201100000,204,286900000,173200000,115700000,-49100000,-130500000,-5300000,-200000,1016400000,776100000,33,1075400000,47400000,837000000,81400000,800200000,66400000,-585500000,2036300000,2500000,42600000,0,66100000,-30900000,-277100000,-16700000,-1285500000,489000000,-381300000,489000000,-177900000,1851400000,244000000,-50200000,2,435100000,241700000,67200000,-457300000,0,-1243400000,754800000,1410000000,0,4,7,15,149,143700000,3385000000,2200000,737900000,112600000,0,6325900000,2971900000,1453300000,1865700000,4460200000,6325900000,3276500000,-1498300000,3.66,133606557.4
FSLR,12/31/2015,836392000,-340292000,10146000,10,-166438000,2742795000,190,1126826000,113537000,102000,2659728000,348,357693000,0,257825000,526810000,519835000,-19272000,20430000,1391895000,84985000,26,919267000,-6156000,110002000,6975000,380424000,11088000,-34060000,251325000,417692000,0,0,139965000,-355228000,-360919000,137103000,-112140000,546421000,298000,546421000,546421000,561076000,16818000,516664000,14,1608478000,573806000,86318000,15480000,-20569000,43210000,555719000,-904648000,0,15,9,15,309,130593000,2790110000,0,255192000,38090000,703454000,7316331000,3345586000,960800000,5548487000,1767844000,7316331000,3578995000,0,5.42,100815682.7
FTR,12/31/2015,1150000000,62000000,7000000,3,-863000000,6034000000,496,9380000000,0,298000000,0,535,0,2666000000,1511000000,752000000,-361000000,0,0,8493000000,7166000000,100,5576000000,-165000000,1143000000,1113000000,0,-8444000000,102000000,15508000000,0,0,0,6305000000,254000000,1301000000,8275000000,-9322000000,-196000000,-130000000,-316000000,-196000000,651000000,236000000,745000000,13,151000000,100000000,359000000,-353000000,0,-15000000,1403000000,-48000000,1320000000,6,6,4,535,0,-87000000,2665000000,3275000000,384000000,0,27084000000,10131000000,1893000000,5614000000,21470000000,27084000000,5576000000,-278000000,-0.29,675862069
GD,12/31/2015,7638000000,604000000,7000000,28,-569000000,2730000000,22,2785000000,-156000000,482000000,25339000000,117,0,0,482000000,4102000000,4102000000,0,0,3466000000,11443000000,19,6130000000,1137000000,763000000,0,3366000000,500000000,-1897000000,2898000000,0,0,0,-500000000,-1603000000,2607000000,-4367000000,200000000,2965000000,277000000,2965000000,2965000000,7803000000,0,4178000000,13,1754000000,617000000,4306000000,-3286000000,-29000000,269000000,5916000000,289000000,0,13,38,9,90,0,23204000000,-2965000000,1952000000,501000000,0,31997000000,14571000000,12445000000,10738000000,21259000000,31997000000,31469000000,-12392000000,9.23,321235102.9
GILD,12/31/2015,8468000000,-1397000000,154000000,98,-747000000,444000000,148,12851000000,-855000000,1000000,4006000000,250,324000000,0,1098000000,22347000000,21659000000,-67000000,0,2276000000,1172000000,88,28633000000,3553000000,10247000000,688000000,1955000000,-11728000000,3501000000,21195000000,11601000000,579000000,2000000,9689000000,2824000000,20329000000,-4963000000,-12475000000,18108000000,-34000000,18108000000,18108000000,6682000000,0,22193000000,68,1456000000,1519000000,440000000,88000000,-3868000000,0,1638000000,-90000000,0,66,117,55,231,3014000000,18001000000,-9495000000,3426000000,983000000,1756000000,51839000000,24763000000,9891000000,18534000000,33305000000,51839000000,32639000000,0,12.37,1463864188
GIS,5/31/2015,1684000000,-6800000,0,24,-712400000,1296700000,7,334200000,24200000,75500000,11681100000,75,0,1450200000,588300000,1761900000,1761900000,-88900000,84300000,3783300000,8874900000,34,5949200000,586800000,4677000000,0,1540900000,-74500000,282600000,7575300000,0,396000000,778900000,1107400000,-533100000,2542800000,-1384800000,-1602200000,1221300000,618300000,1221300000,1221300000,1386700000,543900000,2077300000,12,811200000,423800000,1589900000,-2310700000,-16100000,-815300000,1744800000,127300000,0,10,35,7,44,0,11990800000,-998200000,3328000000,1616200000,0,21832000000,3685600000,4890100000,4996700000,16835300000,21832000000,17630300000,-6055600000,2.02,604603960.4
GLW,12/31/2015,2242000000,162000000,5000000,7,-1250000000,13352000000,163,4500000000,-77000000,840000000,5458000000,294,2056000000,0,1184000000,1626000000,1486000000,-330000000,299000000,12648000000,1380000000,40,3653000000,147000000,706000000,140000000,1385000000,633000000,-146000000,3890000000,1975000000,75000000,0,1212000000,-809000000,2809000000,-2603000000,-685000000,1339000000,224000000,1339000000,1638000000,1372000000,0,1322000000,15,1493000000,912000000,0,-1811000000,0,-68000000,2960000000,123000000,54000000,16,8,15,245,769000000,13832000000,-3126000000,1508000000,572000000,100000000,28527000000,8269000000,2814000000,18788000000,9739000000,28527000000,9111000000,-9725000000,1.02,1312745098
GM,12/31/2015,51655000000,0,1070000000,24,-7874000000,27607000000,33,15238000000,0,15000000,1.34E+11,97,36860000000,0,8017000000,8161000000,7718000000,-1524000000,2194000000,51401000000,0,12,18302000000,-1897000000,5947000000,443000000,13764000000,-18973000000,0,43549000000,27701000000,452000000,0,19551000000,-3857000000,11691000000,13686000000,-27710000000,9687000000,-3803000000,9687000000,12330000000,26388000000,0,4897000000,3,3021000000,5855000000,0,-8036000000,-103000000,-863000000,39249000000,-2138000000,0,5,19,6,78,0,20285000000,-3520000000,13405000000,19562000000,8163000000,1.94E+11,69408000000,71217000000,39871000000,1.54E+11,1.94E+11,1.52E+11,0,6.11,1585433715
GPC,12/31/2015,3062386000,1974000,20929000,22,-109544000,41353000,5,211631000,-21821000,150081000,10724192000,141,118525000,50684000,141675000,1145343000,1123681000,-15771000,0,648217000,840582000,30,4555852000,418009000,521213000,21662000,2999966000,0,331419000,250000000,0,12675000,0,-142967000,73901000,1159373000,-806074000,-263627000,705672000,43048000,705672000,705672000,1822419000,12373000,1124414000,7,460918000,521300000,503268000,-930618000,0,-154083000,744191000,-42594000,141675000,7,36,5,65,0,3885751000,-301847000,3277390000,375000000,0,8144771000,5555316000,3940654000,3146567000,4998204000,8144771000,15280044000,0,4.65,151757419.4
GPN,5/31/2015,326875000,-8069000,4949000,37,-92550000,148742000,22,650739000,0,0,1022107000,109,30428000,202855000,137505000,461546000,417110000,-56288000,0,374143000,1491833000,63,1751611000,107995000,560136000,44436000,0,0,-69513000,1678283000,0,105577000,0,546819000,68867000,424701000,141375000,-440921000,278040000,119714000,278040000,278040000,202938000,0,456597000,16,32846000,2436238000,2033900000,-185992000,0,-348371000,19422000,-64051000,0,15,55,10,109,0,795226000,-365527000,1295014000,654413000,0,5779301000,3289915000,3015188000,757976000,5021325000,5779301000,2773718000,0,4.15,66997590.36
GPS,1/31/2015,2213000000,0,5000000,42,-714000000,0,68,1515000000,-9000000,21000000,10146000000,193,0,0,500000000,2088000000,2013000000,-21000000,0,2773000000,0,38,6289000000,751000000,0,75000000,1889000000,0,18000000,1332000000,0,0,0,-21000000,5000000,2129000000,-1507000000,-596000000,1262000000,118000000,1262000000,1262000000,0,0,2083000000,13,600000000,913000000,0,165000000,-52000000,118000000,1141000000,240000000,0,12,67,8,109,0,2797000000,-1089000000,0,21000000,0,7690000000,4317000000,2234000000,2983000000,4707000000,7690000000,16435000000,0,2.9,435172413.8
GRMN,12/26/2015,701016000,22473000,17606000,14,-80592000,62239000,121,833070000,-121718000,1797435000,1281566000,255,155287000,184941000,78360000,567187000,567187000,-31594000,0,446089000,0,55,1538704000,110960000,245552000,0,500554000,3220000,-158273000,0,1343387000,0,0,0,-363198000,280467000,-500092000,-111979000,456227000,90601000,456227000,456227000,531481000,0,549581000,19,97989000,130821000,164982000,-30428000,0,-34607000,103326000,-87203000,0,20,17,16,198,427043000,1930517000,-119926000,562080000,0,215161000,4499391000,2211087000,865998000,3345126000,1154265000,4499391000,2820270000,-414637000,2.39,190889958.2
GT,12/31/2015,3435000000,-31000000,-505000000,8,-983000000,3093000000,30,1476000000,-89000000,267000000,12164000000,124,2141000000,91000000,721000000,1046000000,608000000,-125000000,0,6777000000,555000000,26,4279000000,232000000,138000000,438000000,2464000000,-8000000,116000000,5074000000,0,222000000,0,-477000000,-685000000,1687000000,-985000000,-1262000000,307000000,505000000,307000000,307000000,2033000000,0,1551000000,9,654000000,153000000,886000000,-4010000000,-271000000,-271000000,2129000000,89000000,0,4,16,2,74,0,4570000000,-127000000,2728000000,634000000,0,16391000000,6126000000,4955000000,3920000000,12471000000,16391000000,16443000000,0,1.14,269298245.6
GWW,12/31/2015,1188116000,-3085000,-4304000,34,-373868000,1000476000,16,290136000,-37737000,54830000,5741956000,170,83996000,154352000,227967000,1284276000,1250705000,-20503000,-11740000,1431241000,582336000,42,4231428000,465531000,463294000,33571000,1414177000,-20382000,-67954000,1388414000,0,86080000,0,1555556000,63492000,989904000,-62551000,-843358000,768996000,75623000,768996000,757256000,1209641000,0,1300320000,13,248246000,134688000,0,-221091000,0,-449108000,173741000,9916000,0,13,55,8,91,0,6802130000,-1339186000,2931108000,600418000,0,5857755000,3048642000,1788534000,2266634000,3591121000,5857755000,9973384000,-5369711000,11.69,65782378.1
HAL,12/31/2015,3174000000,1468000000,-324000000,4,-2184000000,274000000,189,10077000000,153000000,2677000000,21113000000,376,552000000,0,1835000000,-936000000,-936000000,-9000000,0,12117000000,2385000000,11,2520000000,-274000000,0,0,2993000000,0,-603000000,14687000000,0,33000000,0,7432000000,7786000000,2906000000,7081000000,-2192000000,-671000000,1316000000,-671000000,-662000000,5317000000,2485000000,-165000000,1,1818000000,1683000000,1504000000,-363000000,96000000,-8000000,1423000000,-596000000,0,4,6,3,320,0,20524000000,167000000,200000000,659000000,0,36942000000,20070000000,5337000000,15462000000,21480000000,36942000000,23633000000,-7650000000,-0.79,849367088.6
HAS,12/27/2015,900084000,-227808000,9104000,27,-142022000,893630000,92,976750000,-99353000,104847000,1677033000,269,0,0,197776000,701037000,603915000,-18758000,0,237527000,592695000,62,2770476000,157043000,280807000,97122000,384492000,0,149663000,1547115000,0,0,40170000,-87310000,83583000,552445000,-346457000,-103647000,451838000,34926000,451838000,451838000,1217850000,379245000,691933000,16,744090000,286506000,0,-146001000,-3676000,38375000,404883000,50369000,86171000,14,36,10,233,242944000,3852321000,-43902000,1370183000,164563000,0,4720717000,2865598000,1064647000,1663902000,3056815000,4720717000,4447509000,-3040895000,3.61,125162880.9
HCA,12/31/2015,5283000000,-4114000000,-389000000,28,-2375000000,0,13,741000000,-314000000,4000000,6638000000,167,0,0,1939000000,5622000000,3957000000,0,46000000,15014000000,0,83,33040000000,1261000000,6731000000,1665000000,1439000000,63000000,192000000,30255000000,610000000,1553000000,0,778000000,175000000,4734000000,-1976000000,-2583000000,2129000000,4335000000,2129000000,2040000000,5889000000,0,5965000000,15,1157000000,1163000000,0,-265000000,-47000000,-271000000,3019000000,0,1904000000,10,52,5,141,0,-7338000000,-2397000000,25171000000,233000000,0,32744000000,9232000000,5516000000,-7599000000,40343000000,32744000000,39678000000,0,5.14,414202334.6
HD,2/1/2015,9473000000,-81000000,337000000,68,-1442000000,8885000000,15,1723000000,-124000000,88000000,54787000000,136,0,642000000,1786000000,10806000000,9976000000,-106000000,0,22720000000,1353000000,34,28389000000,3631000000,0,830000000,11079000000,323000000,558000000,16869000000,0,0,0,2232000000,-100000000,8242000000,-7071000000,-1271000000,6345000000,-98000000,6345000000,6345000000,1484000000,0,10469000000,13,571000000,1016000000,1468000000,-452000000,-25000000,-152000000,1844000000,-144000000,1640000000,12,107,8,37,0,26995000000,-6748000000,16280000000,328000000,0,39946000000,15302000000,11269000000,9322000000,30624000000,39946000000,83176000000,-26194000000,4.74,1338607595
HES,12/31/2015,2542000000,841000000,-75000000,16,-4321000000,4127000000,103,2716000000,29000000,286000000,3323000000,168,2653000000,2464000000,3955000000,-3917000000,-4258000000,0,0,26352000000,375000000,50,3313000000,-1299000000,0,341000000,399000000,0,-646000000,6544000000,0,1015000000,0,643000000,272000000,1981000000,2497000000,-4206000000,-3056000000,973000000,-3056000000,-2959000000,1159000000,2497000000,-3842000000,58,411000000,130000000,0,-1664000000,-25000000,115000000,2158000000,-164000000,3955000000,64,22,46,152,0,16637000000,2166000000,703000000,86000000,0,34195000000,4404000000,2628000000,19386000000,14809000000,34195000000,6636000000,0,-10.78,283487940.6
HOG,12/31/2015,707578000,0,6585000,41,-259974000,1328561000,31,810476000,0,3449000,3619612000,145,99614000,0,0,1162280000,1150163000,-14677000,0,942418000,54182000,40,2375790000,397956000,0,12117000,585907000,-603438000,0,4845388000,4814571000,0,0,1408571000,-184471000,1100118000,-354064000,-915848000,752207000,0,752207000,752207000,2403756000,0,1155695000,19,97228000,137823000,0,-615205000,0,-52436000,553547000,0,0,19,63,13,123,0,8961985000,-1516841000,1220095000,2045000000,45192000,9991167000,3983154000,2752578000,1839654000,8151513000,9991167000,5995402000,-7839136000,3.71,202751212.9
HOLX,9/26/2015,389100000,-30300000,-72400000,6,-89400000,5559900000,52,492700000,43900000,2800000,1272300000,134,0,1198000000,491400000,382700000,177200000,-8100000,0,457100000,2808200000,53,1432700000,45600000,3023200000,205500000,283100000,10000000,78500000,3221000000,0,0,0,-968600000,-244800000,786100000,-936700000,-86100000,131600000,64600000,131600000,68900000,435100000,28500000,455100000,17,88200000,54900000,163100000,-14500000,-12900000,-6700000,200900000,6400000,110200000,7,9,5,104,214900000,-3469000000,70000000,624000000,391200000,0,7642500000,1265800000,943400000,2079200000,5563300000,7642500000,2705000000,0,0.47,280000000
HON,12/31/2015,11857000000,211000000,68000000,26,-1073000000,5377000000,41,5455000000,230000000,958000000,26747000000,109,283000000,558000000,883000000,6586000000,6586000000,-546000000,0,5789000000,15895000000,31,11834000000,1739000000,4577000000,0,4420000000,-127000000,-684000000,5554000000,943000000,135000000,290000000,3445000000,-1504000000,5519000000,37000000,-6514000000,4768000000,-48000000,4768000000,4768000000,8075000000,0,6828000000,18,1776000000,0,0,-2535000000,-65000000,-5314000000,6125000000,80000000,0,17,36,12,85,0,26147000000,-1698000000,5006000000,6514000000,2103000000,49316000000,20053000000,18371000000,18283000000,31033000000,49316000000,38581000000,-11664000000,6.11,780360065.5
HP,9/30/2015,305726000,259024000,4939000,9,-1131445000,420141000,223,729384000,-23052000,11099000,1703476000,413,0,1295916000,608788000,676902000,661879000,0,0,5563170000,0,46,1458226000,241405000,0,15023000,128541000,-45607000,-25417000,492443000,104354000,0,0,451651000,369077000,1428574000,94912000,-1154409000,420427000,192573000,420427000,420474000,463154000,39242000,671963000,21,40524000,72572000,3377000,-1377000,-1368000,22643000,114840000,-3769000,608039000,21,14,13,376,16104000,4648346000,-57004000,122878000,39094000,45543000,7147242000,1439194000,348197000,4895846000,2251396000,7147242000,3161702000,-182363000,3.9,107801794.9
HRB,4/30/2015,810750000,-68109000,-6615000,26,-123158000,783793000,135,2099162000,0,3166000,1231104000,157,13461000,298884000,159804000,788051000,742805000,-9986000,0,311387000,441831000,60,1847554000,256061000,432142000,45246000,0,25183000,-51653000,505298000,239338000,0,0,-428544000,-178117000,626608000,-645807000,-148932000,473663000,85559000,473663000,486744000,342231000,74993000,794666000,26,125960000,70283000,1066749000,1740000,-3376000,-50957000,0,27344000,159804000,24,41,15,157,0,1836442000,6073000,818091000,790000,439625000,4515420000,2951301000,1878289000,1832949000,2682471000,4515420000,3078658000,-792192000,1.72,275385465.1
HRS,7/3/2015,1816000000,-17000000,-106000000,10,-148000000,0,21,481000000,20000000,124000000,3348000000,140,502000000,12000000,244000000,607000000,477000000,-23000000,0,1165000000,6348000000,34,1735000000,143000000,1775000000,130000000,1015000000,0,30000000,5053000000,0,5000000,0,2729000000,-80000000,854000000,2373000000,-3284000000,334000000,190000000,334000000,334000000,1255000000,46000000,713000000,14,154000000,432000000,295000000,2015000000,-55000000,-3136000000,2386000000,53000000,0,9,14,7,95,0,1258000000,-103000000,976000000,163000000,0,13127000000,3183000000,2274000000,3397000000,9725000000,13122000000,5083000000,0,3.15,106031746
HSIC,12/26/2015,1801035000,-120001000,12794000,17,-71684000,207374000,3,72086000,-194869000,824000,7617460000,150,0,252862000,159127000,746766000,720758000,-24827000,14060000,318476000,1907593000,28,3012259000,211391000,592971000,26008000,1509957000,20000,212611000,463752000,454600000,2558000,542194000,78970000,-17388000,586841000,-319371000,-260031000,479058000,64922000,479058000,479058000,1287975000,34931000,733972000,7,0,361082000,0,-219939000,0,-188367000,212121000,-58376000,0,7,25,5,80,0,2895997000,-367089000,2243356000,345962000,0,6504740000,3231100000,2146997000,2884256000,3620484000,6504740000,10629719000,0,5.78,82882006.92
HST,12/31/2015,243000000,17000000,96000000,8,-397000000,8302000000,47,254000000,0,8000000,2012000000,47,0,0,737000000,814000000,580000000,-15000000,70000000,10716000000,0,63,3375000000,9000000,0,234000000,0,-173000000,-56000000,4017000000,401000000,18000000,143000000,482000000,-445000000,1171000000,-865000000,-736000000,558000000,-135000000,558000000,571000000,0,0,650000000,12,413000000,0,299000000,-107000000,-17000000,-166000000,0,37000000,716000000,11,8,10,47,0,-1139000000,-673000000,2011000000,0,0,11784000000,254000000,542000000,7064000000,4720000000,11784000000,5387000000,0,0.22,2536363636
IBM,12/31/2015,16788000000,812000000,724000000,92,-3579000000,0,24,7686000000,133000000,53262000000,41057000000,124,4822000000,3771000000,3855000000,16413000000,15945000000,-473000000,0,10727000000,32021000000,50,40684000000,2581000000,3487000000,468000000,1551000000,-629000000,59000000,33428000000,15200000000,162000000,0,19000000,-790000000,17008000000,-9166000000,-8159000000,13190000000,2407000000,13190000000,13364000000,28554000000,0,15689000000,19,1734000000,4205000000,11021000000,-29607000000,0,-3952000000,24603000000,-3448000000,0,20,112,16,120,5247000000,1.46E+11,-4287000000,19748000000,6461000000,508000000,1.10E+11,42504000000,34269000000,14262000000,96233000000,1.10E+11,81741000000,-1.56E+11,13.48,978486646.9
IDXX,12/31/2015,258178000,-50142000,2468000,228,-82921000,940534000,40,128994000,-34969000,10258000,711622000,96,0,76444000,70388000,302380000,273141000,-5948000,0,333026000,178934000,56,890270000,81006000,55909000,29239000,188833000,-215183000,-2787000,597085000,0,130000,0,274097000,-193542000,216364000,-95552000,-308406000,192078000,23652000,192078000,192078000,228147000,8212000,299912000,19,85490000,62069000,25583000,-36856000,0,-10302000,28698000,18087000,0,17,325,12,74,99681000,318356000,-379584000,482465000,573000000,213591000,1474993000,821634000,856761000,-84125000,1559118000,1474993000,1601892000,-1316417000,2.07,92791304.35
IFF,12/31/2015,347297000,-91712000,-3184000,26,-101030000,140802000,25,181988000,-37628000,14470000,1671590000,196,166323000,43260000,89597000,585163000,539101000,-21711000,0,732794000,941389000,45,1351599000,119854000,306004000,46062000,589019000,12128000,100998000,937844000,0,4672000,0,136826000,-296585000,433578000,-131296000,-577156000,419247000,-32316000,419247000,419247000,537896000,7594000,588347000,19,119060000,146981000,394831000,-613439000,0,-488254000,403232000,-14608000,0,18,34,14,117,246101000,3604254000,-121307000,509557000,0,0,3721454000,1455884000,742128000,1590318000,2126464000,3716782000,3023189000,-1555769000,5.19,80779768.79
INTC,12/26/2015,10768000000,-355000000,0,19,-7326000000,0,162,15308000000,-764000000,23411000000,20676000000,245,0,954000000,8711000000,14212000000,14212000000,1000000,315000000,31858000000,11332000000,63,34679000000,2792000000,3933000000,0,5167000000,-2446000000,-637000000,20036000000,7851000000,0,897000000,9002000000,12747000000,19017000000,1912000000,-8183000000,11420000000,-33000000,11420000000,11735000000,4787000000,354000000,14002000000,25,8165000000,3053000000,2244000000,60000000,-558000000,1589000000,2841000000,675000000,265000000,26,23,21,212,12128000000,37614000000,-1810000000,7930000000,2634000000,10005000000,1.01E+11,38320000000,15646000000,61085000000,40374000000,1.01E+11,55355000000,0,2.41,4738589212
INTU,7/31/2015,473000000,24000000,1000000,16,-142000000,4007000000,97,808000000,0,3000000,695000000,147,5000000,152000000,231000000,739000000,712000000,-26000000,0,682000000,1266000000,83,3497000000,299000000,87000000,27000000,0,156000000,453000000,500000000,27000000,0,0,0,-41000000,1504000000,-1337000000,-182000000,365000000,458000000,365000000,413000000,406000000,148000000,738000000,18,341000000,457000000,1271000000,-30000000,-1000000,-196000000,240000000,-27000000,42000000,17,31,9,147,798000000,6027000000,-1138000000,1771000000,0,889000000,4968000000,2560000000,1744000000,2332000000,2636000000,4968000000,4192000000,-7675000000,1.3,280769230.8
IP,12/31/2015,3498000000,7000000,-174000000,24,0,6243000000,27,1050000000,-131000000,449000000,15468000000,165,1187000000,3231000000,1294000000,1821000000,1266000000,-71000000,117000000,11980000000,3335000000,31,6897000000,466000000,0,555000000,2228000000,-198000000,-106000000,15177000000,228000000,25000000,0,-299000000,-831000000,2580000000,-1601000000,-1739000000,938000000,591000000,938000000,917000000,2987000000,389000000,1995000000,9,7380000000,212000000,0,-5708000000,-14000000,-1541000000,4346000000,8000000,1294000000,6,33,4,108,0,4649000000,-603000000,3219000000,426000000,0,30587000000,6477000000,3924000000,3884000000,26703000000,30587000000,22365000000,-1749000000,2.25,416888888.9
IPG,12/31/2015,7432300000,-473900000,-23900000,23,-161100000,1404100000,20,1502900000,0,40400000,0,101,228400000,464200000,233100000,848000000,762200000,-156100000,1100000,567200000,3608500000,100,7613800000,282800000,0,85800000,0,100000,365600000,1610300000,0,36300000,251900000,50400000,-157700000,674000000,-472800000,-202800000,454600000,134600000,454600000,454600000,5955400000,-800000,871900000,11,487900000,228000000,0,-845600000,-50300000,-41800000,672600000,-65900000,0,10,39,6,101,0,1437600000,-271700000,6742700000,152000000,6800000,12585100000,7693100000,7584300000,1965500000,10619600000,12585100000,7613800000,-71000000,1.11,409549549.6
IRM,12/31/2015,570651000,17984000,-100740000,24,-290249000,1623863000,15,128381000,0,2113000,1290025000,102,0,150695000,354713000,425937000,162066000,-8015000,0,2497158000,2360978000,57,1717951000,37713000,603314000,263871000,0,0,-59452000,4757610000,0,19766000,0,299108000,2448000,541760000,-108511000,-422786000,123241000,105249000,123241000,125203000,586580000,0,524527000,17,31225000,142951000,183112000,-174917000,0,-132537000,71844000,-1937000,345464000,5,32,4,102,0,-942218000,12723000,844960000,88068000,0,6350587000,857912000,841831000,508841000,5841746000,6350587000,3007976000,0,0.58,212484482.8
ISRG,12/31/2015,266300000,-79200000,18500000,14,-81000000,3429800000,317,714600000,-10700000,0,806500000,446,167800000,0,89500000,758500000,758500000,-1500000,0,432100000,201100000,66,1577900000,169700000,122800000,0,167900000,-768500000,7900000,0,1788000000,0,0,0,114300000,771900000,193400000,-849500000,588800000,186100000,588800000,588800000,394300000,0,740000000,31,0,73500000,225600000,-9500000,-18300000,0,95900000,-10500000,0,32,18,25,412,197400000,899200000,177400000,640500000,0,845200000,4907300000,2195500000,491900000,4319500000,587800000,4907300000,2384400000,0,15.87,37101449.28
ITW,12/31/2015,1842000000,-42000000,78000000,36,-284000000,1135000000,130,3090000000,25000000,6000000,7888000000,284,346000000,256000000,477000000,2945000000,2719000000,-463000000,0,1577000000,4439000000,41,5517000000,820000000,1560000000,226000000,1086000000,22000000,-113000000,6896000000,0,4000000,0,151000000,-900000000,2299000000,-2526000000,-210000000,1899000000,30000000,1899000000,1899000000,2203000000,0,2867000000,21,1087000000,341000000,0,-1504000000,-12000000,52000000,981000000,23000000,233000000,20,52,14,238,0,18316000000,-1943000000,2417000000,526000000,0,15729000000,6720000000,2368000000,5224000000,10501000000,15725000000,13405000000,-12729000000,5.16,368023255.8
IVZ,12/31/2015,1524400000,-4489900000,239200000,12,-124500000,6197700000,67,2214700000,0,98100000,0,123,0,288900000,93600000,1632700000,1362100000,-74800000,35100000,426900000,6175700000,100,5122900000,398000000,1354000000,270600000,0,-540300000,4442100000,2072800000,0,810400000,167300000,1014200000,412000000,1053500000,23300000,-664800000,968100000,173200000,968100000,964100000,1267900000,0,1358400000,27,107000000,6491800000,273700000,-446000000,-12500000,0,0,-129600000,0,27,17,19,123,0,4439600000,-545100000,3764500000,12050400000,7035200000,25073200000,17009600000,13848500000,7885300000,17187900000,25073200000,5122900000,-2404100000,2.26,428362831.9
JBHT,12/31/2015,532417000,-747000,86000,33,-725122000,268728000,1,5566000,0,1671000,3665578000,161,0,740220000,339613000,715780000,690203000,0,0,2701329000,0,41,2522068000,262968000,0,25577000,23191000,0,8568000,1005026000,0,0,0,71463000,-395000,873308000,-297171000,-576532000,427235000,116374000,427235000,427235000,654542000,0,715694000,12,75871000,176068000,0,0,0,148590000,58552000,-17735000,339613000,11,53,7,157,0,2885843000,-284147000,1466761000,0,0,3636567000,859367000,532417000,1300352000,2336215000,3636567000,6187646000,-1855890000,3.69,115781842.8
JEC,10/2/2015,1967802000,172958000,4113000,7,-88404000,1137144000,23,460859000,0,123153000,10146494000,158,0,863868000,49368000,449640000,430137000,-106923000,0,381238000,3048778000,16,1968338000,101255000,353419000,19503000,0,13000,-201573000,584434000,0,64713000,0,-158227000,-271788000,484572000,-553314000,-96123000,302971000,170267000,302971000,302971000,2548743000,0,445527000,4,879813000,113076000,0,-464764000,0,-7732000,0,-35330000,0,4,10,3,158,0,3496212000,-389094000,1522811000,13364000,0,7785926000,3122678000,1981166000,4291745000,3494181000,7785926000,12114832000,0,2.42,125194628.1
JNPR,12/31/2015,679100000,-218900000,-59800000,14,-210300000,8334800000,108,1420900000,0,0,1779200000,162,0,345200000,176500000,852200000,852200000,-21100000,0,1021000000,2981300000,63,3078600000,218500000,33900000,0,0,-304200000,164800000,1648800000,1244200000,0,0,595000000,-218700000,892500000,-581400000,-508700000,633700000,179900000,633700000,633700000,780700000,-600000,912000000,19,426400000,183700000,822900000,-19200000,0,5800000,248900000,-43500000,0,18,19,13,162,994500000,-3741200000,-1032400000,1172700000,299900000,527100000,8619200000,2912400000,1801900000,4574400000,4044800000,8619200000,4857800000,0,1.62,391172839.5
JWN,1/31/2015,1744000000,-161000000,0,30,-861000000,0,30,827000000,-176000000,2338000000,8406000000,187,0,510000000,432000000,1323000000,1185000000,0,0,3340000000,435000000,38,5100000000,465000000,0,138000000,1733000000,-8000000,185000000,3123000000,0,0,0,23000000,-367000000,1220000000,-698000000,-889000000,720000000,114000000,720000000,720000000,2562000000,0,1323000000,10,246000000,102000000,1048000000,-64000000,-23000000,-20000000,372000000,106000000,0,9,49,5,125,0,166000000,-469000000,3777000000,8000000,0,9245000000,5224000000,2800000000,2440000000,6805000000,9245000000,13506000000,0,3.79,189973614.8
KLAC,6/30/2015,103342000,-118520000,-121200000,87,-45791000,474216000,238,838025000,27500000,158000,1215229000,390,78648000,47145000,80536000,540140000,434131000,-13991000,0,314591000,335263000,57,1598820000,67973000,11895000,106009000,617904000,964012000,90999000,3173435000,0,0,0,2308789000,207164000,605906000,-1302972000,918221000,366158000,147330000,366158000,234489000,821747000,0,661340000,24,181039000,77814000,881440000,-40573000,-30229000,0,182230000,11903000,0,15,103,13,328,530616000,-12362000,-555880000,406864000,16981000,1549086000,4826012000,3904576000,1001763000,421439000,4404573000,4826012000,2814049000,0,2.26,162016814.2
KMB,12/31/2015,4680000000,0,17000000,582,-1056000000,609000000,10,619000000,0,473000000,11967000000,85,0,766000000,746000000,1630000000,1335000000,-128000000,149000000,7104000000,1446000000,36,6624000000,418000000,0,295000000,1909000000,-146000000,0,6170000000,247000000,214000000,0,850000000,-170000000,2306000000,-1298000000,-1050000000,1013000000,939000000,1013000000,1066000000,2281000000,0,1613000000,9,619000000,617000000,0,-3278000000,-4000000,152000000,1517000000,-445000000,0,7,767,5,55,0,4994000000,-872000000,5011000000,1669000000,0,14842000000,5426000000,6349000000,-174000000,15016000000,14842000000,18591000000,-2972000000,2.78,364388489.2
KMX,2/28/2015,706671000,-1427766000,-3292000,19,-309817000,1123520000,32,321728000,-445450000,104435000,12381189000,260,175738000,0,115173000,993804000,969331000,0,0,1862538000,0,13,1887527000,371973000,0,24473000,2086874000,-11763000,-26086000,8818750000,8435504000,0,0,1514145000,-600295000,-968130000,728579000,-360744000,597358000,234763000,597358000,597358000,137690000,0,997096000,7,133483000,44646000,0,-65391000,0,-39164000,225493000,-16122000,0,7,31,4,51,0,1994221000,-834518000,890431000,290502000,0,13198201000,2590938000,997173000,3156785000,10041416000,13198201000,14268716000,0,2.77,215652707.6
KO,12/31/2015,9991000000,0,1244000000,29,-2553000000,14016000000,74,7309000000,0,1760000000,17482000000,124,0,4691000000,1970000000,10461000000,9605000000,-878000000,489000000,12571000000,11289000000,61,26812000000,2239000000,12843000000,856000000,2902000000,-1752000000,0,28407000000,15788000000,210000000,0,2696000000,-1649000000,10528000000,-5113000000,-6186000000,7351000000,1349000000,7351000000,7840000000,3941000000,0,8728000000,20,4207000000,6652000000,1133000000,-10174000000,251000000,-1881000000,4301000000,-157000000,0,22,38,17,113,0,65018000000,-2319000000,18084000000,15806000000,12591000000,90093000000,33395000000,26930000000,25554000000,64539000000,90093000000,44294000000,-45066000000,1.69,4349704142
KORS,3/28/2015,326300000,-83300000,-1000000,39,-356200000,636700000,300,978900000,-112400000,0,1723800000,610,23000000,95300000,144200000,1256000000,1255800000,-27100000,0,562900000,14000000,61,2647700000,374800000,61500000,200000,519900000,0,38200000,0,0,0,0,0,7700000,857900000,-434700000,-388400000,881000000,16600000,881000000,881000000,363400000,800000,1257000000,29,33500000,127500000,0,-66800000,0,-32200000,22000000,-26400000,138400000,29,56,20,450,0,2168800000,-480000000,1251500000,0,0,2684600000,1989700000,326300000,2241000000,443600000,2684600000,4371500000,-497700000,4.35,202528735.6
KR,1/31/2015,6630000000,-141000000,0,32,-2831000000,2748000000,2,268000000,-147000000,1918000000,85512000000,78,0,1209000000,1948000000,3137000000,2649000000,0,0,17912000000,2304000000,21,22953000000,902000000,757000000,488000000,5688000000,0,264000000,9723000000,0,30000000,0,226000000,-133000000,4163000000,-1236000000,-3060000000,1728000000,539000000,1728000000,1728000000,1266000000,0,3137000000,3,613000000,1689000000,2888000000,-812000000,-3000000,-229000000,2731000000,-47000000,1948000000,2,49,2,28,0,12367000000,-1173000000,17868000000,1874000000,0,30497000000,8911000000,11392000000,5412000000,25085000000,30497000000,1.08E+11,-10809000000,3.49,495128939.8
KSS,1/31/2015,2749000000,0,0,14,-682000000,2743000000,49,1407000000,68000000,4000000,12098000000,195,0,298000000,886000000,1689000000,1349000000,0,0,8515000000,0,36,6925000000,482000000,0,340000000,3814000000,82000000,108000000,4638000000,0,0,0,-108000000,436000000,2024000000,-995000000,-593000000,867000000,125000000,867000000,867000000,0,0,1689000000,9,238000000,359000000,0,-20000000,-19000000,7000000,547000000,-30000000,886000000,7,23,5,62,0,12008000000,-554000000,4350000000,110000000,0,14333000000,5580000000,2859000000,5991000000,8342000000,14333000000,19023000000,-8744000000,4.28,202570093.5
KSU,12/31/2015,401500000,12000000,-67600000,12,-832200000,947100000,18,136600000,-26200000,1100000,759200000,71,0,1191100000,284600000,754500000,672600000,0,18300000,7705400000,0,69,1659600000,187300000,0,81900000,137900000,-17400000,-31400000,2045000000,34700000,310400000,0,102800000,-211400000,909300000,-247700000,-873000000,483500000,199100000,483300000,494200000,171900000,0,803800000,33,63900000,90600000,0,-4700000,0,-23400000,122600000,-14100000,284600000,28,17,20,53,0,2964700000,-190000000,571200000,356100000,0,8341000000,537000000,757600000,3914300000,4426700000,8341000000,2418800000,0,4.41,109637188.2
LB,1/31/2015,1679000000,-9000000,7000000,5789,-715000000,427000000,100,1681000000,121000000,155000000,6646000000,191,24000000,236000000,398000000,1960000000,1636000000,-6000000,0,2277000000,1318000000,42,4808000000,594000000,411000000,324000000,1036000000,0,73000000,4722000000,0,1000000,0,-213000000,162000000,1786000000,-919000000,-699000000,1042000000,97000000,1042000000,1042000000,252000000,0,1953000000,17,247000000,230000000,0,35000000,0,16000000,820000000,64000000,0,14,9089,9,129,0,233000000,-52000000,2855000000,0,0,7476000000,3199000000,1679000000,18000000,7458000000,7476000000,11454000000,-832000000,3.57,291876750.7
LEG,12/31/2015,593900000,-16400000,4400000,30,-103200000,529500000,36,253200000,-49100000,2000000,2994000000,187,0,38600000,113200000,490900000,449800000,-19900000,0,540800000,806100000,24,923200000,121800000,192300000,41100000,504600000,0,-104900000,945400000,0,12100000,0,-3300000,-79600000,359100000,-349200000,-69600000,329200000,87500000,325100000,328000000,520200000,4100000,486500000,12,117200000,33200000,103900000,-91100000,-6800000,33600000,184700000,-400000,20800000,11,41,8,115,0,2209200000,-183200000,411800000,3400000,0,2967600000,1311200000,701200000,1085600000,1869900000,2955500000,3917200000,-1564000000,2.31,142510822.5
LLL,12/31/2015,1766000000,50000000,-15000000,6,-197000000,0,7,207000000,-38000000,6052000000,9576000000,147,3000000,219000000,285000000,491000000,322000000,-19000000,0,1097000000,6281000000,9,890000000,25000000,199000000,169000000,333000000,0,-34000000,3143000000,0,74000000,0,-296000000,-235000000,1042000000,-1178000000,-192000000,-240000000,998000000,-240000000,297000000,2827000000,384000000,475000000,5,273000000,865000000,614000000,-574000000,-36000000,5000000,1415000000,57000000,0,3,7,2,135,0,5728000000,-658000000,0,499000000,0,12085000000,4232000000,2879000000,4355000000,7730000000,12085000000,10466000000,-6851000000,-2.97,80808080.81
LLTC,6/28/2015,136058000,-5924000,2690000,33,-62560000,2052250000,658,195679000,-8551000,240000,355727000,866,0,85612000,54098000,685389000,685389000,0,0,287742000,0,76,1119412000,164426000,11585000,0,99861000,-151261000,-14792000,0,0,0,0,0,38356000,598919000,-346742000,-213821000,520963000,56941000,520963000,520963000,227757000,0,682699000,46,0,54412000,46860000,561000,0,0,37622000,-3816000,0,46,43,35,812,266761000,-475124000,-83528000,169952000,0,1007043000,1884079000,1584752000,182918000,1577927000,306152000,1884079000,1475139000,0,2.13,244583568.1
LLY,12/31/2015,3203100000,-304500000,0,17,-1066200000,5552100000,54,3666400000,-736300000,691300000,5037200000,153,0,0,1427700000,2790000000,2790000000,-85600000,0,8053500000,4039900000,75,14921500000,381600000,5034800000,0,3445800000,1161500000,461600000,7972400000,3646600000,19000000,0,-181600000,-205200000,2772800000,-2919200000,26800000,2408400000,-145300000,2408400000,2408400000,4071600000,902700000,2790000000,14,2220500000,604400000,5020400000,-7593900000,139200000,-68500000,4776600000,-338800000,0,14,19,12,111,4796400000,16011800000,-749500000,6432400000,6100000,785400000,35568900000,12573600000,8229600000,14571300000,20978600000,35549900000,19958700000,-90000000,2.27,1060969163
LMT,12/31/2015,10155000000,-256000000,30000000,116,-939000000,0,8,1090000000,-398000000,303000000,36044000000,105,6068000000,0,1026000000,4742000000,4299000000,0,0,5389000000,10695000000,11,4492000000,1173000000,4022000000,443000000,4819000000,0,876000000,14305000000,0,0,0,9101000000,-356000000,5101000000,4277000000,-9734000000,3605000000,-205000000,3605000000,3126000000,7254000000,0,4712000000,12,8557000000,1410000000,2807000000,-11444000000,5000000,-8795000000,17984000000,453000000,0,11,139,9,70,0,14238000000,-2897000000,-220000000,956000000,0,49304000000,14573000000,13918000000,3097000000,46207000000,49304000000,40536000000,0,11.62,310240963.9
LNT,12/31/2015,402400000,19800000,37600000,10,0,1663000000,0,5800000,0,1100000,2171600000,61,14600000,2381200000,413700000,648400000,461300000,0,33800000,9519100000,0,33,1082000000,70400000,0,187100000,223500000,-1034300000,30100000,3522200000,346300000,0,0,86200000,-51100000,871200000,-3100000,-919200000,388400000,34500000,378200000,390900000,397600000,0,577000000,18,1788400000,199900000,483700000,-8900000,6800000,115100000,1308400000,-15300000,401300000,14,12,12,44,0,2068900000,151200000,103700000,473200000,0,12495200000,826800000,1359300000,3924100000,8571100000,12495200000,3253600000,0,3.36,115595238.1
LOW,1/30/2015,5897000000,0,0,27,-880000000,0,6,466000000,170000000,480000000,36665000000,105,133000000,730000000,1586000000,4276000000,4276000000,-5000000,0,20034000000,0,35,19558000000,1578000000,0,0,8911000000,-256000000,315000000,10806000000,354000000,0,0,805000000,75000000,4929000000,-3761000000,-1088000000,2698000000,77000000,2698000000,2698000000,0,0,4792000000,9,1349000000,349000000,2899000000,-103000000,24000000,48000000,869000000,83000000,1485000000,8,43,5,10,0,9591000000,-3768000000,13281000000,552000000,125000000,31721000000,9851000000,9348000000,9968000000,21753000000,31721000000,56223000000,0,2.71,995571955.7
LRCX,6/28/2015,949641000,-294155000,-47189000,13,-198265000,5366773000,155,1501539000,-207462000,159000,2974976000,238,0,0,315470000,740850000,740850000,-9017000,0,621418000,1387509000,43,2284336000,85273000,728140000,0,943346000,-952240000,133256000,1001382000,0,0,241808000,990710000,48862000,785503000,378472000,-1106096000,655577000,235313000,655577000,655577000,1093582000,79444000,788039000,15,356732000,157435000,322070000,-57796000,-660000,44409000,386953000,-52496000,0,14,15,12,202,825242000,4096855000,-506917000,591611000,1359650000,2574947000,9364648000,6270849000,2631361000,5103144000,4261504000,9364648000,5259312000,-4302847000,4.11,159507785.9
LUK,12/31/2015,7107081000,463620000,1567425000,2,-295894000,4986819000,81,4389732000,0,362617000,7677233000,133,1575368000,0,172073000,1265417000,356536000,-5554000,110281000,721875000,0,24,2439269000,109947000,2648362000,908881000,0,1067441000,-5472653000,7407594000,2361089000,64679000,191633000,-449009000,-638127000,-761755000,-651983000,781165000,252111000,128414000,279587000,246589000,3830967000,7353000,-412289000,4,1482092000,10829882000,16807298000,438793000,750000,9618000,0,3694680000,224133000,4,3,2,133,0,4612982000,-103897000,2620072000,4235316000,18500445000,46339812000,37551026000,28149695000,10401211000,35813601000,46214812000,10116502000,0,0.74,340690540.5
LUV,12/31/2015,3779000000,-88000000,-547000000,30,-2041000000,1374000000,41,1583000000,0,808000000,6025000000,54,0,2490000000,1015000000,3569000000,3479000000,0,0,15601000000,970000000,70,13795000000,1298000000,0,90000000,311000000,237000000,1055000000,2541000000,0,0,0,277000000,301000000,3238000000,-1024000000,-1913000000,2181000000,4000000,2181000000,2181000000,474000000,39000000,4116000000,21,717000000,188000000,2990000000,-1051000000,1000000,-109000000,1517000000,-929000000,1015000000,18,47,11,50,0,9409000000,-1134000000,8625000000,637000000,1468000000,21312000000,4024000000,7406000000,7358000000,13954000000,21312000000,19820000000,-3182000000,3.3,660909090.9
LVLT,12/31/2015,955000000,-87000000,-406000000,34,-1229000000,19642000000,61,862000000,0,4000000,4265000000,124,3441000000,977000000,1190000000,925000000,283000000,-18000000,0,9878000000,7749000000,48,3964000000,-3150000000,1127000000,642000000,0,0,23000000,10994000000,0,0,0,-219000000,274000000,1855000000,-219000000,-1344000000,3433000000,-2693000000,3433000000,3215000000,757000000,0,1331000000,16,201000000,130000000,446000000,-301000000,0,-115000000,632000000,-11000000,1166000000,3,3,42,124,0,-9219000000,0,1467000000,15000000,0,24145000000,1749000000,1416000000,10126000000,14019000000,24145000000,8229000000,0,9.71,353553038.1
LYB,12/31/2015,3992000000,780000000,58000000,68,-1440000000,10202000000,46,931000000,-240000000,31000000,25683000000,225,0,2127000000,1063000000,6519000000,6209000000,-48000000,339000000,8991000000,536000000,22,7052000000,1730000000,640000000,310000000,4051000000,416000000,-786000000,7671000000,2127000000,24000000,0,1045000000,-107000000,5842000000,-4850000000,-1051000000,4476000000,675000000,4476000000,4479000000,2517000000,0,6122000000,19,674000000,1226000000,0,-1438000000,187000000,-27000000,2036000000,-124000000,0,19,95,14,132,102000000,9841000000,-4656000000,828000000,357000000,1064000000,22757000000,9789000000,4349000000,6550000000,16207000000,22757000000,32735000000,-12086000000,9.62,465280665.3
M,1/31/2015,4999000000,22000000,-15000000,28,-770000000,1048000000,44,2246000000,44000000,4000000,16863000000,169,0,1443000000,1031000000,2785000000,2390000000,0,0,7800000000,3743000000,40,11242000000,864000000,496000000,395000000,5417000000,0,-39000000,7233000000,0,0,0,307000000,-27000000,2709000000,-1766000000,-970000000,1526000000,160000000,1526000000,1509000000,424000000,87000000,2800000000,10,711000000,493000000,0,-1072000000,0,-200000000,2201000000,-35000000,0,9,44,5,62,0,7340000000,-1643000000,8355000000,76000000,0,21330000000,8580000000,5075000000,5378000000,15952000000,21330000000,28105000000,-1942000000,4.3,354883720.9
MA,12/31/2015,4101000000,-133000000,-59000000,63,-177000000,4004000000,130,7183000000,0,0,0,175,317000000,79000000,1130000000,5019000000,4958000000,-260000000,0,675000000,1891000000,100,9667000000,1150000000,803000000,61000000,0,210000000,125000000,3268000000,0,34000000,0,1735000000,610000000,4043000000,-2458000000,-715000000,3808000000,-75000000,3808000000,3808000000,2147000000,61000000,5078000000,53,1580000000,663000000,2168000000,-676000000,-17000000,-748000000,572000000,-812000000,366000000,51,82,39,175,0,16222000000,-3491000000,4162000000,0,991000000,16250000000,10984000000,6269000000,6028000000,10222000000,16250000000,9667000000,-13522000000,3.36,1133333333
MAR,12/31/2015,1981000000,0,56000000,24,-305000000,2821000000,3,96000000,0,5000000,12363000000,43,672000000,0,139000000,1422000000,1255000000,0,16000000,1029000000,943000000,15,2123000000,396000000,1451000000,167000000,0,140000000,0,3807000000,380000000,0,0,325000000,-8000000,1430000000,-1805000000,367000000,859000000,558000000,859000000,875000000,1103000000,0,1350000000,9,223000000,185000000,952000000,-196000000,0,532000000,2632000000,-126000000,139000000,9,35,6,43,0,4878000000,-1877000000,634000000,300000000,0,6082000000,1384000000,3233000000,-3590000000,9672000000,6082000000,14486000000,-11098000000,3.22,266770186.3
MAS,12/31/2015,1399000000,-104000000,0,263,-158000000,0,61,1468000000,17000000,330000000,4889000000,138,0,0,153000000,914000000,689000000,-15000000,0,1027000000,839000000,32,2253000000,293000000,160000000,225000000,687000000,35000000,82000000,2403000000,0,193000000,0,-6000000,85000000,699000000,-410000000,-189000000,355000000,230000000,355000000,396000000,853000000,0,914000000,13,310000000,320000000,0,-165000000,137000000,-66000000,800000000,-73000000,0,10,510,5,110,0,-300000000,-454000000,1339000000,1004000000,0,5664000000,3328000000,2403000000,-135000000,5799000000,5664000000,7142000000,0,1.03,344660194.2
MAT,12/31/2015,1328658000,-136259000,8263000,14,-254181000,1789870000,54,892814000,-74262000,441369000,2896255000,194,0,0,265427000,549185000,463915000,-30676000,0,741147000,1384520000,49,2806358000,94499000,0,85270000,587521000,-61509000,248047000,1800000000,0,0,0,16914000,-78836000,734557000,-500222000,-282495000,369416000,60824000,369416000,369416000,1145099000,0,540922000,9,1230159000,571429000,0,-848899000,-17058000,33195000,473863000,1364000,0,8,18,6,159,0,3745815000,14995000,2265436000,316914000,0,6552689000,3196863000,1645572000,2633254000,3919435000,6552689000,5702613000,-2494901000,1.08,342051851.9
MCD,12/31/2015,2950400000,-180600000,48500000,64,-1813900000,6533400000,260,7685500000,44900000,16600000,15623800000,327,0,1704300000,1555700000,6555700000,6555700000,-246800000,0,23117600000,2516300000,39,9789200000,2026400000,0,0,100100000,0,303600000,24122100000,792700000,0,0,9755200000,5607600000,6539100000,735300000,-1420000000,4529300000,286200000,4529300000,4529300000,1298700000,0,7145500000,28,1869100000,558700000,0,-2879800000,-58700000,393900000,2074000000,0,0,26,92,18,323,0,44594500000,-5782000000,2643700000,0,0,37938700000,9643000000,2950400000,7087900000,30850800000,37938700000,25413000000,-41176800000,4.82,939688796.7
MCHP,3/31/2015,187844000,-15893000,-17362000,18,-149472000,999515000,553,607815000,25517000,202000,917472000,753,0,381192000,305501000,407941000,345907000,-201000,-317000,581572000,571271000,57,1229564000,-19418000,504417000,62034000,279456000,105652000,-15662000,1826858000,383326000,16372000,0,401727000,141212000,721182000,98548000,-678317000,369009000,59291000,369009000,368692000,344982000,2840000,425620000,20,75510000,81310000,166128000,11076000,-19504000,-634497000,157665000,-2897000,176746000,16,17,17,674,349543000,1549540000,34433000,274815000,0,1351054000,4780713000,2664617000,353972000,2044654000,2736059000,4780713000,2147036000,-515679000,1.84,200548369.6
MCK,3/31/2015,30755000000,-2821000000,63000000,18,-376000000,6968000000,16,5341000000,-2144000000,4000000,1.68E+11,109,0,859000000,1017000000,3031000000,2657000000,-319000000,0,2045000000,9817000000,6,11411000000,815000000,3441000000,374000000,14296000000,0,4355000000,8180000000,0,84000000,1386000000,-402000000,1148000000,3112000000,-968000000,-677000000,1476000000,970000000,1476000000,1842000000,15914000000,150000000,2968000000,2,1897000000,1119000000,1078000000,-1720000000,-41000000,-301000000,1863000000,192000000,0,1,33,1,67,392000000,12705000000,-298000000,7901000000,1664000000,0,53870000000,36670000000,33497000000,8001000000,45869000000,53870000000,1.79E+11,-9956000000,6.37,231711146
MCO,12/31/2015,583300000,-25400000,21300000,167,-89000000,451300000,183,1757400000,0,3400000,976300000,266,137700000,216300000,113500000,1494700000,1379600000,-62700000,0,306400000,976300000,72,2508200000,430000000,299100000,115100000,0,4600000,103500000,3401000000,0,232000000,0,852800000,537900000,1153600000,-461000000,-92000000,941300000,54400000,941300000,941300000,831300000,0,1473400000,42,160800000,179600000,635200000,-339500000,-1500000,-7600000,620600000,-42000000,113500000,40,244,27,266,0,6709000000,-1068400000,921300000,0,474800000,5123400000,3243100000,1218500000,-565000000,5688400000,5123400000,3484500000,-7389200000,4.7,200276595.7
MDLZ,12/31/2015,7368000000,44000000,6044000000,26,-1514000000,31760000000,17,1870000000,-49000000,0,18124000000,82,0,4750000000,894000000,8897000000,7884000000,-255000000,0,8362000000,20664000000,39,11512000000,593000000,18768000000,1013000000,2609000000,-544000000,600000000,14557000000,5387000000,88000000,0,-1379000000,239000000,3728000000,-5883000000,2649000000,7267000000,-5080000000,7267000000,7291000000,3846000000,901000000,8897000000,30,704000000,633000000,2713000000,-9986000000,126000000,4707000000,4514000000,28000000,181000000,27,28,25,58,0,20700000000,-3622000000,7577000000,841000000,0,62843000000,8958000000,10922000000,28012000000,34831000000,62843000000,29636000000,-14462000000,4.49,1618485523
MHK,12/31/2015,1256025000,-14383000,-17619000,13,-503657000,1760016000,3,81692000,6400000,813000,5660877000,100,315368000,388130000,362647000,819947000,748861000,-17917000,0,3147118000,2293365000,30,2410686000,131875000,936541000,71086000,1607256000,0,-23725000,1196928000,0,6690000,21952000,960659000,-16185000,911873000,964083000,-1874224000,615302000,39761000,615302000,616986000,1257505000,0,837566000,10,0,303519000,0,-793568000,10533000,-1370567000,215463000,-75813000,0,9,15,8,50,0,4102707000,0,1573120000,2003003000,0,9942364000,3249972000,3259028000,4854173000,5088191000,9942364000,8071563000,-215795000,2.59,237568339.8
MJN,12/31/2015,1214800000,10400000,-39000000,103,-173700000,-564200000,136,1701400000,25800000,1900000,1455300000,208,118500000,8700000,99100000,936200000,871200000,-46200000,0,964000000,126000000,64,2616000000,215900000,54900000,65000000,484900000,0,2700000,2981000000,0,39800000,0,1463600000,403700000,909900000,-286800000,-173200000,653500000,77800000,653500000,653500000,355700000,0,975200000,24,132300000,60400000,35500000,-347800000,-5900000,500000,347600000,38800000,0,21,138,16,169,108400000,640400000,-1437000000,1532400000,3000000,0,3998100000,2602400000,1253300000,-632300000,4630400000,3998100000,4071300000,-362600000,3.28,199237804.9
MKC,11/30/2015,895600000,46500000,1100000,24,-128400000,0,9,112600000,-18000000,1039600000,2559000000,110,0,0,105900000,549500000,496200000,-16200000,36700000,618400000,1759300000,40,1737300000,131300000,372100000,53300000,710800000,0,40400000,1051400000,365400000,16700000,0,118000000,35300000,590000000,-199600000,-338900000,401600000,16000000,401600000,401600000,455200000,61500000,548400000,13,0,78800000,0,-406100000,0,-210500000,495700000,-2400000,0,12,30,9,52,0,1036700000,-112700000,1127400000,343000000,0,4472600000,1357400000,1238600000,1670200000,2802400000,4472600000,4296300000,0,3.14,127898089.2
MLM,12/31/2015,266606000,12309000,10672000,7,-318232000,3287827000,46,168409000,-21525000,643000,2817803000,295,0,583459000,263587000,490088000,413801000,0,0,3156000000,2068235000,20,721767000,124863000,510552000,76287000,469141000,1808000,-40053000,1553649000,0,2893000,0,-11268000,59758000,573151000,-601939000,88546000,288792000,106935000,288792000,288938000,410921000,8464000,479416000,14,144777000,33697000,81339000,-105622000,0,404970000,397256000,-37040000,0,12,10,8,167,0,874436000,-482884000,233887000,19246000,0,6961732000,1082168000,367191000,4057284000,2904448000,6961732000,3539570000,0,4.31,67005104.41
MMM,12/31/2015,2670000000,-58000000,26000000,42,-1461000000,4791000000,27,1798000000,3000000,9000000,15383000000,154,0,0,1435000000,6972000000,6823000000,-54000000,0,8515000000,9249000000,49,14891000000,1982000000,2601000000,149000000,3518000000,1300000000,-735000000,8753000000,126000000,39000000,0,3482000000,-99000000,6420000000,-3648000000,-2817000000,4833000000,806000000,4833000000,4833000000,4154000000,0,6946000000,23,1406000000,1398000000,2404000000,-6359000000,-120000000,-2656000000,5544000000,128000000,0,23,60,16,105,1763000000,36296000000,-4603000000,6182000000,2044000000,118000000,32883000000,10986000000,7118000000,11429000000,21454000000,32883000000,30274000000,-23308000000,7.72,626036269.4
MO,12/31/2015,7074000000,3000000,-223000000,182,-229000000,5813000000,33,2369000000,-33000000,935000000,14320000000,86,0,5663000000,225000000,8895000000,8078000000,0,757000000,1982000000,5285000000,44,11114000000,2835000000,12028000000,817000000,2031000000,-132000000,356000000,12915000000,6722000000,-7000000,37000000,-1793000000,-952000000,5810000000,-6747000000,-15000000,5241000000,-166000000,5241000000,5770000000,1299000000,4000000,8361000000,33,432000000,387000000,0,-3280000000,-221000000,346000000,3969000000,182000000,0,32,280,21,57,0,27257000000,-554000000,2749000000,4000000,0,32535000000,6086000000,7078000000,2880000000,29655000000,32535000000,25434000000,-27845000000,2.67,1962921348
MON,8/31/2015,3950000000,68000000,71000000,33,-967000000,11464000000,72,3701000000,-425000000,6000000,6819000000,205,277000000,387000000,716000000,3594000000,3161000000,-325000000,0,4973000000,4061000000,55,8182000000,864000000,1332000000,433000000,3496000000,4000000,457000000,8429000000,42000000,15000000,0,1238000000,1334000000,3108000000,-430000000,-1019000000,2314000000,240000000,2314000000,2286000000,3182000000,393000000,3523000000,23,610000000,199000000,540000000,-2801000000,-36000000,-56000000,922000000,-273000000,0,21,45,15,138,1580000000,10374000000,-698000000,2686000000,687000000,47000000,21920000000,10625000000,5177000000,6990000000,14930000000,21920000000,15001000000,-12053000000,4.85,477113402.1
MOS,12/31/2015,1979800000,-60700000,-77700000,10,-1000300000,6400000,62,1276300000,-53700000,3500000,7177400000,202,691900000,977400000,772200000,1201100000,1103300000,-264100000,-2400000,8721000000,1595300000,19,1717900000,99100000,0,97800000,1563500000,-172700000,263800000,3769500000,980500000,33200000,0,-42400000,-1098300000,1807600000,-893400000,-1748400000,1000400000,197500000,1000400000,1000400000,675000000,0,1278800000,14,1257400000,628600000,0,-1492900000,243200000,-575400000,1030600000,-313300000,0,12,12,11,126,0,11014800000,-709500000,439100000,67200000,0,17389500000,4143400000,2047000000,9531800000,7857700000,17389500000,8895300000,0,2.79,358566308.2
MPC,12/31/2015,5890000000,1292000000,119000000,22,-1998000000,11071000000,18,1127000000,80000000,7000000,55891000000,149,0,4020000000,1646000000,4374000000,4374000000,0,88000000,25164000000,4019000000,22,16160000000,1506000000,0,0,5225000000,-1545000000,-2400000000,11896000000,3622000000,6438000000,0,746000000,-367000000,4061000000,-987000000,-3441000000,2852000000,606000000,2852000000,2940000000,2927000000,0,4485000000,6,839000000,192000000,426000000,-318000000,-148000000,102000000,1179000000,-31000000,1646000000,6,33,4,67,0,9752000000,-932000000,10029000000,29000000,0,43115000000,9471000000,6345000000,13237000000,29878000000,43115000000,72051000000,-7275000000,5.29,539130434.8
MRK,12/31/2015,16618000000,-480000000,-1527000000,10,-1283000000,40222000000,70,8524000000,805000000,1788000000,14934000000,155,0,6535000000,6375000000,5401000000,5401000000,-1310000000,0,12507000000,17723000000,62,24564000000,942000000,22602000000,0,4700000000,3871000000,-588000000,23929000000,13039000000,91000000,0,3492000000,1083000000,12421000000,-5270000000,-4758000000,4442000000,1855000000,4442000000,4442000000,6484000000,619000000,6928000000,18,6144000000,5153000000,0,-4148000000,56000000,-7346000000,7345000000,-5000000,0,14,12,11,131,6704000000,45348000000,-3701000000,10313000000,2585000000,4903000000,1.02E+11,29764000000,19203000000,44676000000,57103000000,1.02E+11,39498000000,-38534000000,1.58,2811392405
MRO,12/31/2015,1578000000,817000000,194000000,12,-3476000000,6498000000,71,1221000000,36000000,770000000,1694000000,150,0,2749000000,2957000000,-2958000000,-2958000000,-2000000,145000000,27061000000,115000000,69,3828000000,-754000000,0,0,313000000,77000000,-965000000,7276000000,1003000000,0,0,908000000,-1177000000,1565000000,462000000,-3202000000,-2204000000,1074000000,-2204000000,-2204000000,912000000,2070000000,-3030000000,55,1542000000,144000000,150000000,-135000000,14000000,197000000,2004000000,-150000000,2957000000,54,16,40,132,0,14974000000,0,1831000000,1000000,0,32311000000,2590000000,1729000000,18553000000,13758000000,32311000000,5522000000,-3554000000,-3.26,676073619.6
MSFT,6/30/2015,12385000000,1456000000,346000000,15,-5944000000,0,194,5595000000,-272000000,68465000000,33038000000,247,0,3390000000,5957000000,18507000000,18507000000,-73000000,0,14731000000,16939000000,65,60542000000,6314000000,4835000000,0,2902000000,-12868000000,-79000000,27808000000,12053000000,0,0,13661000000,-3074000000,29668000000,-9668000000,-23001000000,12193000000,10005000000,12193000000,12193000000,17908000000,10011000000,18161000000,19,3117000000,5461000000,29778000000,2522000000,362000000,-4189000000,13544000000,408000000,0,20,23,13,241,12046000000,9096000000,-13809000000,20324000000,7484000000,90931000000,1.74E+11,1.23E+11,49647000000,80083000000,94389000000,1.74E+11,93580000000,0,1.49,8183221477
MTD,12/31/2015,454895000,1625000,867000,61,-82506000,697570000,18,98887000,-18785000,448000,1043454000,142,33051000,50976000,64038000,490875000,463424000,-5461000,0,517229000,446284000,56,1351993000,110604000,115252000,27451000,214383000,-5415000,23703000,575138000,0,0,0,147387000,13624000,426868000,-307032000,-100751000,352820000,8586000,352820000,352820000,411420000,11148000,490008000,20,52187000,70642000,88829000,-266649000,-572000,-12830000,194552000,-5119000,30951000,19,80,15,104,119076000,2692317000,-465410000,700810000,14488000,0,1959335000,795332000,558212000,580457000,1378878000,1959335000,2395447000,-2543229000,12.75,27672156.86
MU,9/3/2015,2611000000,393000000,-18000000,24,-4021000000,7474000000,90,2287000000,116000000,108000000,10977000000,220,597000000,0,2805000000,2980000000,2609000000,-121000000,447000000,10554000000,0,32,5215000000,157000000,449000000,371000000,2340000000,-2220000000,-707000000,6252000000,3492000000,937000000,49000000,-117000000,-1863000000,5208000000,-718000000,-6232000000,2899000000,-170000000,2899000000,2899000000,2507000000,3000000,2998000000,19,455000000,228000000,205000000,13000000,68000000,9000000,698000000,-128000000,0,16,21,18,160,1540000000,5588000000,-669000000,674000000,1089000000,1234000000,24143000000,8596000000,3905000000,12302000000,11841000000,24143000000,16192000000,-881000000,2.71,1069741697
MUR,12/31/2015,1648451000,0,167330000,43,-2549736000,910074000,27,283183000,0,195056000,832306000,86,227031000,678387000,1751097000,-3164887000,-3282262000,10294000,0,9818365000,0,70,1954810000,-1026490000,0,117375000,166788000,217352000,0,3040594000,0,0,0,139566000,-910125000,1183369000,-364561000,-1922121000,-2270833000,1672877000,-2270833000,-2255772000,573855000,3246081000,-3332217000,120,0,251302000,7297000,-704542000,-9129000,410263000,793474000,213122000,1668489000,118,62,81,77,0,6212201000,-250000000,372457000,18881000,173288000,11493812000,1448416000,1674629000,5306728000,6187084000,11493812000,2787116000,-1306061000,-13.03,174277283.2
NBL,12/31/2015,1128000000,453000000,516000000,24,-2979000000,6360000000,57,1028000000,0,5000000,979000000,126,0,2826000000,2131000000,-1956000000,-2219000000,0,90000000,21300000000,0,69,2204000000,222000000,0,263000000,0,108000000,-528000000,7976000000,0,0,0,-149000000,-155000000,2062000000,654000000,-2871000000,-2441000000,1492000000,-2441000000,-2351000000,450000000,1800000000,-2472000000,78,620000000,798000000,677000000,-33000000,-18000000,0,1219000000,-54000000,2131000000,70,21,77,126,0,4726000000,1112000000,745000000,0,0,24196000000,2276000000,1805000000,10370000000,13826000000,24196000000,3183000000,-688000000,-6.07,402141680.4
NEE,12/31/2015,3899000000,90000000,462000000,12,-3511000000,8596000000,6,571000000,17000000,5000000,8596000000,67,0,13499000000,3203000000,5201000000,3990000000,0,107000000,61386000000,0,51,8890000000,1228000000,0,1211000000,1259000000,-4239000000,-140000000,26681000000,2988000000,538000000,0,1444000000,-6000000,6116000000,1883000000,-8005000000,2752000000,243000000,2752000000,2762000000,2265000000,28000000,4632000000,26,11310000000,2700000000,2320000000,-167000000,-143000000,-255000000,9080000000,-59000000,2831000000,23,18,16,55,0,14140000000,1967000000,1399000000,3888000000,0,82479000000,6795000000,10107000000,22574000000,59905000000,82479000000,17486000000,0,6.11,450409165.3
NEM,12/31/2015,727000000,0,128000000,2,-1401000000,9427000000,198,2782000000,0,847000000,4312000000,352,1718000000,840000000,1239000000,1291000000,966000000,-21000000,-45000000,17303000000,0,44,3417000000,644000000,0,325000000,1606000000,29000000,0,6087000000,402000000,2942000000,0,-462000000,379000000,2145000000,296000000,-2041000000,220000000,950000000,220000000,277000000,445000000,56000000,1163000000,15,776000000,131000000,540000000,-334000000,0,-669000000,2547000000,-336000000,1239000000,12,9,3,238,289000000,1410000000,813000000,670000000,149000000,19000000,25182000000,4983000000,1416000000,11350000000,13832000000,25182000000,7729000000,0,0.43,511627907
NFLX,12/31/2015,393880000,0,-31225000,6,-91248000,0,65,1809330000,0,1324809000,4591476000,154,0,0,3547045000,274601000,141885000,-15924000,0,173412000,0,32,2188035000,19244000,4312817000,132716000,0,-8074000,172560000,2371362000,0,0,0,1500000000,695722000,-749439000,1640277000,-179192000,122641000,-4592012000,122641000,122641000,0,0,305826000,5,284802000,3121125000,3135744000,-43308000,-545000,-79870000,2078459000,327000,0,2,6,2,154,650788000,941925000,60351000,1231421000,0,501385000,10202871000,5431840000,3529624000,2223426000,7979445000,10202871000,6779511000,0,0.29,422900000
NFX,12/31/2015,632000000,83000000,245000000,244,-1745000000,2436000000,1,5000000,-2000000,2000000,497000000,97,0,35000000,917000000,-4816000000,-4947000000,0,0,3991000000,0,68,1060000000,-1585000000,0,131000000,34000000,0,-18000000,2467000000,125000000,0,0,-424000000,-9000000,1209000000,380000000,-1598000000,-3362000000,3616000000,-3362000000,-3362000000,262000000,0,-5061000000,325,27000000,324000000,2000000,-2000000,-3000000,90000000,240000000,-25000000,917000000,318,359,216,91,0,-1035000000,807000000,5204000000,13000000,0,4768000000,625000000,647000000,1379000000,3389000000,4768000000,1557000000,-22000000,-21.18,158734655.3
NLSN,12/31/2015,1055000000,-35000000,179000000,13,-134000000,5119000000,21,357000000,0,32000000,2539000000,113,78000000,1074000000,574000000,1272000000,961000000,-52000000,-3000000,490000000,7783000000,59,3633000000,383000000,4772000000,311000000,0,30000000,60000000,7028000000,0,194000000,0,510000000,84000000,1209000000,-492000000,-581000000,570000000,98000000,570000000,570000000,1235000000,51000000,1093000000,18,272000000,316000000,322000000,-1059000000,1000000,-477000000,887000000,-63000000,574000000,16,22,9,113,0,341000000,-595000000,1915000000,310000000,0,15303000000,1908000000,1687000000,4433000000,10870000000,15303000000,6172000000,0,1.55,367741935.5
NOV,12/31/2015,4247000000,1639000000,-109000000,5,-453000000,8005000000,49,2080000000,410000000,4000000,11694000000,278,488000000,1805000000,747000000,-486000000,-589000000,-111000000,13000000,3124000000,6980000000,21,3063000000,178000000,3849000000,103000000,4678000000,0,-2560000000,3928000000,327000000,77000000,0,762000000,-1456000000,1332000000,-2163000000,-514000000,-769000000,1818000000,-769000000,-767000000,4552000000,1689000000,-390000000,3,156000000,491000000,0,-1553000000,0,-61000000,283000000,45000000,0,4,4,5,168,0,9927000000,-2214000000,1764000000,2000000,0,26725000000,11801000000,4249000000,16383000000,10342000000,26725000000,14757000000,0,-1.99,386432160.8
NSC,12/31/2015,1294000000,109000000,103000000,13,-2385000000,2143000000,49,1101000000,-35000000,299000000,3662000000,113,0,8942000000,1059000000,2987000000,2442000000,0,0,28992000000,0,65,6849000000,886000000,0,545000000,271000000,235000000,-152000000,9393000000,2572000000,0,0,1083000000,128000000,2908000000,-693000000,-2087000000,1556000000,290000000,1556000000,1556000000,946000000,0,2884000000,27,63000000,194000000,237000000,-445000000,0,63000000,1385000000,81000000,1054000000,23,20,15,100,0,10191000000,-1063000000,2911000000,700000000,0,34139000000,2512000000,2231000000,12188000000,21951000000,34139000000,10511000000,0,5.13,303313840.2
NTAP,4/24/2015,985000000,75000000,-3000000,16,-175000000,0,197,1922000000,-24000000,3385000000,2290000000,250,0,1473000000,307000000,713000000,713000000,-59000000,0,1030000000,1027000000,63,3833000000,153000000,90000000,0,146000000,-645000000,94000000,1487000000,0,0,0,495000000,-369000000,1268000000,-675000000,-903000000,560000000,236000000,560000000,560000000,779000000,0,716000000,12,481000000,522000000,1724000000,-24000000,-9000000,-83000000,318000000,20000000,0,12,21,9,245,920000000,53000000,-1008000000,2197000000,0,3404000000,9401000000,6773000000,2709000000,3414000000,5987000000,9401000000,6123000000,0,1.77,316384180.8
NUE,12/31/2015,1333858000,655489000,0,5,-374123000,1918970000,147,1939469000,593830000,151426000,14858014000,415,0,718613000,700017000,877440000,703909000,-10271000,5329000,4891153000,2011278000,10,1581262000,213154000,770672000,173531000,2145444000,-475000,-432399000,4360600000,0,369135000,0,-172116000,915325000,2157043000,-789751000,-441696000,357659000,217912000,357659000,357659000,1383823000,244833000,877440000,5,822916000,185644000,0,-351362000,-2184000,-67098000,0,-73890000,0,4,9,2,261,0,7255972000,-66081000,458989000,51315000,100000000,14250399000,5754380000,1385173000,7416878000,6833521000,14250399000,16439276000,-1558128000,1.11,322215315.3
NVDA,1/25/2015,896000000,-49000000,42000000,14,-122000000,3855000000,516,497000000,-95000000,1000000,2083000000,638,0,0,248000000,801000000,755000000,0,0,557000000,618000000,56,2599000000,124000000,222000000,46000000,483000000,-625000000,-63000000,1398000000,0,0,0,-3000000,-655000000,906000000,-834000000,-727000000,631000000,230000000,631000000,631000000,537000000,0,759000000,16,91000000,70000000,0,8000000,-3000000,20000000,489000000,4000000,0,16,17,13,584,1360000000,3949000000,-660000000,480000000,0,4126000000,7201000000,5713000000,896000000,4418000000,2783000000,7201000000,4682000000,-3395000000,1.14,553508771.9
NWL,12/31/2015,1556500000,-33800000,-184000000,19,-211400000,801400000,14,274800000,-97800000,287500000,3611100000,125,38500000,226600000,171600000,417400000,337500000,-12800000,0,599200000,2791200000,39,2304600000,78200000,1063700000,79900000,721800000,0,44000000,2687600000,0,3500000,0,537600000,75400000,565800000,172300000,-649900000,350000000,131800000,350000000,259300000,1250700000,77200000,601400000,10,291900000,246200000,43300000,-833800000,0,-438500000,548800000,0,0,6,19,6,89,0,2090900000,-186100000,1626000000,388800000,0,7278000000,2493500000,1988600000,1822900000,5455100000,7278000000,5915700000,-523100000,1.3,269230769.2
NWSA,6/30/2015,1363000000,29000000,75000000,1,-308000000,12433000000,92,1951000000,18000000,6000000,0,190,219000000,166000000,498000000,552000000,552000000,-94000000,58000000,2690000000,3063000000,100,8524000000,185000000,2203000000,0,0,-370000000,12000000,0,2379000000,171000000,0,-129000000,-873000000,988000000,-190000000,-1671000000,-147000000,509000000,-147000000,367000000,1283000000,84000000,363000000,4,467000000,780000000,747000000,-582000000,-1000000,-993000000,623000000,0,498000000,6,5,2,190,0,88000000,-30000000,7579000000,0,0,15035000000,4014000000,2110000000,11945000000,3070000000,15015000000,8524000000,0,-0.26,565384615.4
OKE,12/31/2015,745025000,157051000,-177167000,73,-1188312000,1378444000,6,97619000,6050000,2458000,5641052000,60,0,1700963000,354620000,938663000,521876000,0,125300000,12373989000,0,27,2122154000,136600000,1017258000,416787000,204780000,33915000,-223596000,8323582000,948221000,3430538000,0,757282000,-75150000,1006980000,108589000,-1190719000,244977000,422137000,244977000,385276000,593979000,83673000,996159000,13,131433000,78832000,236251000,-127242000,0,-36322000,16964000,-88477000,354620000,7,155,3,47,0,0,396329000,693331000,656990000,0,15446111000,975210000,1638266000,335798000,15110313000,15446111000,7763206000,-917862000,1.17,209382051.3
OMC,12/31/2015,11414600000,0,39600000,45,-202700000,859900000,18,2605200000,0,59600000,12491400000,84,0,469100000,281900000,1959700000,1778600000,-262600000,8400000,692700000,8676400000,17,2643000000,583600000,344800000,181100000,1122700000,-500000,0,3564200000,136600000,437000000,167900000,-1100000,217100000,2172300000,-1429100000,-263500000,1093900000,129400000,1093900000,1093900000,7220900000,0,1920100000,13,279700000,1017200000,1798400000,-1015400000,-88200000,-60300000,800500000,557600000,291100000,12,73,7,76,0,10178200000,-740900000,431800000,1006600000,14500000,22110700000,11980500000,14219600000,2452400000,19658300000,22110700000,15134400000,-7629900000,4.43,246930022.6
ORLY,12/31/2015,2813720000,-23858000,3474000,47,-414020000,1281497000,4,116301000,-76226000,977000,3804031000,99,0,79772000,212362000,1517495000,1460366000,0,0,2861556000,757142000,52,4162643000,529150000,0,57129000,2631015000,4074000,271310000,1390018000,13219000,0,0,-25000,-134259000,1281476000,-1008547000,-407188000,931216000,-56990000,931216000,931216000,233687000,0,1514021000,19,34741000,29023000,232678000,0,0,2758000,199182000,23662000,0,18,74,12,12,0,678840000,-1071600000,2648622000,0,0,6676684000,3010026000,3046398000,1961314000,4715370000,6676684000,7966674000,0,9.32,99915879.83
OXY,12/31/2015,5282000000,1431000000,219000000,32,-5272000000,7640000000,64,4394000000,-24000000,178000000,5804000000,137,0,5362000000,4544000000,-9537000000,-9684000000,0,208000000,31639000000,0,53,6676000000,-1330000000,0,147000000,986000000,819000000,-2320000000,6883000000,2396000000,0,0,4304000000,-588000000,3351000000,1484000000,-5423000000,-7829000000,8166000000,-7829000000,-8146000000,2970000000,10275000000,-9756000000,78,0,1052000000,110000000,-307000000,0,-970000000,0,-617000000,4544000000,78,40,63,123,0,25960000000,-556000000,1613000000,1450000000,0,43437000000,9402000000,6842000000,24350000000,19087000000,43437000000,12480000000,-9121000000,-10.23,765298142.7
PAYX,5/31/2015,262100000,-29800000,6400000,38,-102800000,880100000,105,4443400000,0,3600000,0,111,0,1800000,182800000,1060000000,1060000000,0,0,353900000,561500000,100,2739600000,385100000,32400000,0,0,-300900000,51100000,0,399800000,0,0,0,17500000,895200000,-592700000,-285000000,674900000,28600000,674900000,674900000,214500000,0,1053600000,38,31700000,63700000,4310900000,7500000,141500000,118700000,107200000,-12400000,0,39,59,25,111,0,894300000,-182400000,1686000000,0,366600000,6467500000,5088200000,4573000000,1785500000,4682000000,6467500000,2739600000,0,1.86,362849462.4
PBI,12/31/2015,1817966000,82767000,94838000,228,-166329000,161280000,34,650557000,-7621000,323338000,1558591000,102,70294000,205668000,173312000,698408000,610825000,-44387000,0,510750000,1745957000,56,2019469000,189778000,187378000,87583000,88824000,-67522000,-89042000,2507912000,763054000,296370000,0,-275120000,-403561000,514639000,-570725000,-303088000,407943000,-103651000,407943000,421047000,1399081000,25782000,603570000,17,544221000,64325000,0,-888635000,4603000,-69237000,673739000,32556000,0,17,342,11,98,110156000,5155537000,-131719000,1279961000,461085000,117021000,6141462000,2319808000,2279051000,178721000,5962740000,6141461000,3578060000,-4573305000,2.04,199972058.8
PCAR,12/31/2015,356900000,-168100000,453300000,23,-1725200000,69300000,110,2016400000,64300000,351300000,15292100000,171,0,889100000,0,2455100000,2337100000,-105800000,0,5549400000,0,18,3379200000,733100000,0,118000000,796500000,-676900000,339500000,5795000000,9303600000,0,0,663800000,278800000,2556000000,-196500000,-1974900000,1604000000,848000000,1604000000,1604000000,879000000,12400000,2001800000,11,871100000,245700000,0,-1017000000,0,427200000,1767600000,-131700000,583700000,13,34,9,146,239800000,7536800000,-179800000,541500000,2796500000,1448100000,21109800000,5385700000,3153400000,6940400000,11605100000,18545500000,18671300000,0,4.52,354867256.6
PCG,12/31/2015,1620000000,-177000000,126000000,5,-5173000000,0,6,357000000,37000000,11282000000,12713000000,91,0,9206000000,2612000000,1634000000,861000000,0,0,46723000000,0,24,4120000000,-27000000,0,773000000,439000000,-124000000,-12000000,15925000000,2605000000,252000000,0,1506000000,-28000000,3780000000,1403000000,-5211000000,888000000,1319000000,874000000,888000000,2116000000,0,1508000000,9,8093000000,2901000000,3564000000,-7000000,-27000000,86000000,14912000000,-887000000,2612000000,5,5,5,84,0,5301000000,780000000,0,1179000000,0,63234000000,5813000000,6363000000,16576000000,46406000000,62982000000,16833000000,0,1.81,490607734.8
PCLN,12/31/2015,1004429000,-68694000,29642000,29,-173915000,5184910000,184,1478071000,0,482000,632180000,247,0,892576000,346759000,3288549000,3128320000,-149103000,0,274786000,3375000000,93,8591807000,576960000,2167533000,160229000,0,-3585452000,166201000,6158443000,7931363000,0,0,2251405000,-1671386000,3102231000,-729996000,-3894518000,2551360000,212125000,2551360000,2551360000,645169000,0,3258907000,35,118656000,258751000,434881000,244852000,-10700000,-135151000,134777000,-105520000,272494000,34,36,28,247,0,9191865000,-3068204000,5060406000,0,1171246000,17420575000,3553237000,1439310000,8795469000,8625106000,17420575000,9223987000,-5826640000,50.09,50935516.07
PDCO,4/25/2015,538369000,-39882000,3425000,15,-60662000,21026000,69,347260000,-21754000,1033000,2850316000,272,0,41413000,44523000,308011000,274318000,-19805000,0,839927000,299924000,27,1060549000,94235000,125025000,33693000,408422000,29717000,52841000,722542000,71686000,0,0,0,82352000,262691000,-150935000,-9599000,223261000,-17357000,223261000,180083000,586263000,0,304586000,8,35461000,177908000,39316000,-138084000,-188000,21346000,89485000,-36568000,0,7,18,6,202,0,1630148000,-40239000,0,0,53372000,2945248000,1573225000,577685000,1514123000,1431125000,2945248000,3910865000,0,2.26,98788053.1
PEG,12/31/2015,1507000000,0,99000000,13,-3863000000,0,11,394000000,0,4915000000,6239000000,98,0,8405000000,1427000000,3073000000,2680000000,0,12000000,26539000000,16000000,40,4176000000,1001000000,102000000,393000000,976000000,-37000000,-200000000,8834000000,3730000000,1000000,0,855000000,-8000000,3919000000,15000000,-3942000000,1679000000,523000000,1679000000,1691000000,1570000000,0,2962000000,28,3654000000,554000000,894000000,-295000000,-51000000,-42000000,3654000000,490000000,1214000000,26,21,16,70,0,9117000000,0,0,1174000000,0,37535000000,3494000000,3575000000,13066000000,24469000000,37535000000,10415000000,-671000000,3.32,505722891.6
PEP,12/26/2015,13507000000,-461000000,59000000,45,-2758000000,4076000000,68,9096000000,-244000000,24000000,28731000000,131,0,4959000000,2416000000,8412000000,7442000000,-221000000,0,16317000000,14177000000,54,34325000000,1941000000,13081000000,970000000,2720000000,-400000000,1747000000,29213000000,2311000000,107000000,-145000000,4632000000,2962000000,10580000000,-3828000000,-3569000000,5452000000,1956000000,5452000000,5452000000,6437000000,1359000000,8353000000,13,750000000,1865000000,0,-13319000000,-52000000,-411000000,5887000000,-335000000,75000000,12,62,9,116,0,50472000000,-4501000000,24538000000,4071000000,2913000000,69667000000,23031000000,17578000000,12068000000,57599000000,69667000000,63056000000,-29185000000,3.71,1469541779
PFE,12/31/2015,8249000000,21000000,-2860000000,11,-1397000000,81016000000,79,3641000000,-199000000,459000000,9648000000,149,1794000000,26877000000,5157000000,8965000000,8965000000,-1000000000,0,13766000000,48242000000,80,39203000000,1990000000,40356000000,0,7513000000,14638000000,728000000,32810000000,15999000000,278000000,0,1306000000,298000000,14512000000,-10233000000,-2980000000,6960000000,1805000000,6960000000,6975000000,10838000000,1152000000,11824000000,24,3499000000,2163000000,10990000000,-9522000000,298000000,-16221000000,13376000000,14000000,3728000000,18,14,14,123,7690000000,71993000000,-4897000000,14809000000,10160000000,19649000000,1.67E+11,43804000000,29399000000,64720000000,1.03E+11,1.67E+11,48851000000,-79252000000,1.13,6159292035
PH,6/30/2015,2125978000,143179000,38893000,20,-215527000,622729000,81,1180584000,-70377000,90523000,9655245000,232,406267000,63222000,317491000,1550646000,1432240000,-111005000,0,1664022000,2942679000,24,3056499000,419687000,1013439000,118406000,1300459000,-355937000,-54844000,2723960000,811930000,3282000,0,1482478000,-432971000,1301941000,-1044744000,-579163000,1012140000,49524000,1012140000,1012140000,1984728000,0,1511753000,12,0,241684000,0,-1738618000,0,-7699000,2035411000,-95585000,0,11,28,8,176,0,9841885000,-1395091000,1544746000,223142000,733490000,12279282000,5440945000,2349120000,5104287000,7174995000,12279282000,12711744000,-3712232000,7.08,142957627.1
PM,12/31/2015,12156000000,647000000,0,52,-960000000,1929000000,22,3417000000,-841000000,0,56479000000,103,360000000,1543000000,754000000,10623000000,9615000000,-686000000,105000000,5721000000,7415000000,24,17429000000,2688000000,2623000000,1008000000,8473000000,-55000000,106000000,25250000000,890000000,1768000000,0,44000000,1735000000,7865000000,-4736000000,-708000000,6873000000,-182000000,6873000000,6873000000,3266000000,68000000,10623000000,14,1143000000,648000000,0,-9402000000,-104000000,307000000,3253000000,349000000,82000000,13,73,9,48,0,29842000000,1574000000,6656000000,3230000000,0,33956000000,15804000000,15386000000,-13244000000,47200000000,33956000000,73908000000,-35613000000,4.42,1554977376
PNR,12/31/2015,841700000,48800000,2800000,2,-134300000,2860300000,8,126300000,1400000,1800000,4263200000,187,0,844200000,271700000,180000000,71300000,-44200000,2800000,942800000,5255400000,34,2185800000,139100000,2490100000,108700000,1174300000,0,-80400000,4709300000,0,0,0,1719400000,15900000,739300000,1286300000,-1965500000,-76400000,580900000,-76400000,-65000000,1167700000,554700000,177200000,3,388100000,312300000,644100000,-645000000,0,-1831200000,808200000,4000000,0,1,2,1,108,119600000,1791700000,-180600000,1334300000,700000,0,11857000000,2780600000,1486500000,4008800000,7848200000,11857000000,6449000000,0,-0.42,181904761.9
PNW,12/31/2015,561748000,-17926000,34272000,10,-1076087000,0,3,39488000,-23945000,2541668000,1969675000,62,128835000,3010002000,571664000,888874000,693910000,0,0,11684969000,0,44,1525768000,237720000,123975000,194964000,279931000,-33508000,-94859000,3462391000,747302000,135540000,0,279445000,31884000,1094327000,3790000,-1066233000,437257000,205775000,437257000,437257000,368395000,0,854602000,24,1452661000,202702000,445273000,-44748000,1000,43362000,2394091000,-2572000,494422000,20,15,13,42,0,2092803000,19373000,176744000,435296000,0,15028258000,890516000,1442317000,4583917000,10444341000,15028258000,3495443000,-5806000,3.94,110978934
PPG,12/31/2015,3419000000,-150000000,71000000,28,-454000000,635000000,31,1311000000,31000000,969000000,8206000000,143,711000000,460000000,471000000,1908000000,1783000000,-63000000,0,2822000000,3669000000,44,6560000000,424000000,2178000000,125000000,1659000000,327000000,192000000,4026000000,367000000,86000000,0,342000000,625000000,1837000000,-754000000,-395000000,1406000000,-39000000,1406000000,1359000000,2709000000,152000000,1837000000,12,617000000,889000000,995000000,-2702000000,-15000000,-268000000,2826000000,-197000000,471000000,12,36,10,108,476000000,15521000000,-698000000,3624000000,281000000,144000000,17076000000,6712000000,4695000000,4983000000,12093000000,17076000000,14766000000,-9440000000,5.18,271428571.4
PPL,12/31/2015,1455000000,101000000,108000000,7,-3533000000,9687000000,22,836000000,0,7000000,1718000000,68,0,4057000000,942000000,2939000000,2068000000,-10000000,0,30382000000,3550000000,78,5951000000,465000000,679000000,871000000,357000000,136000000,-238000000,18563000000,0,0,0,1330000000,-563000000,2615000000,68000000,-3588000000,682000000,1688000000,682000000,1603000000,1185000000,0,2831000000,37,2044000000,268000000,1020000000,-2728000000,-461000000,-191000000,2886000000,-208000000,883000000,27,21,9,59,0,2953000000,203000000,2237000000,1401000000,0,39301000000,2646000000,3876000000,9919000000,29382000000,39301000000,7669000000,0,1.01,675247524.8
PSX,12/31/2015,7487000000,2129000000,352000000,18,-5764000000,19145000000,41,3074000000,-144000000,6000000,77693000000,163,0,6041000000,1099000000,6354000000,6044000000,9000000,1573000000,19721000000,3275000000,22,21282000000,1764000000,906000000,310000000,3477000000,0,-2530000000,8843000000,12143000000,838000000,0,243000000,-2133000000,5713000000,-2117000000,-5738000000,4227000000,555000000,4227000000,4280000000,5173000000,7000000,4429000000,4,279000000,532000000,0,-653000000,5000000,26000000,2227000000,324000000,1099000000,6,26,4,117,0,12348000000,-1147000000,15747000000,44000000,0,48580000000,12256000000,7531000000,23100000000,25480000000,48580000000,98975000000,-7746000000,7.78,543316195.4
PVH,2/1/2015,1289100000,-17400000,-88100000,10,-255800000,2768700000,34,479300000,-71700000,83100000,3914500000,195,0,0,244700000,529900000,391400000,-30800000,9900000,725700000,3259100000,53,4326700000,-47500000,3781600000,143500000,1257300000,-26200000,-44400000,3438700000,0,0,0,-514900000,-113900000,789100000,-514500000,-357700000,439000000,261500000,439000000,355800000,743200000,0,613100000,7,272700000,306000000,31200000,-416500000,0,-75700000,1593800000,-22500000,0,5,9,5,107,0,2001300000,1900000,3713600000,107800000,0,10824900000,2785800000,1428100000,4364300000,6460600000,10824900000,8241200000,-72300000,5.33,82363977.49
PWR,12/31/2015,1181364000,101112000,-338000,10,-209968000,3497740000,11,128771000,-33524000,2000,6648771000,189,0,186491000,198944000,236699000,228675000,-3154000,-466000,1101959000,1552658000,12,923665000,97472000,205074000,8024000,75285000,-4338000,150531000,475364000,0,2321000,0,410652000,-61744000,618183000,-1217378000,-307113000,321824000,-114896000,310907000,131203000,1938878000,58451000,237503000,3,76333000,134585000,15313000,-294689000,0,-92807000,260129000,841910000,34848000,3,7,4,183,0,1677698000,-1603676000,592863000,7067000,0,5213543000,2277519000,1203744000,3085494000,2128049000,5213543000,7572436000,-1795257000,1.59,202405031.4
PX,12/31/2015,935000000,1000000,0,35,-1541000000,4005000000,8,147000000,-23000000,4000000,5960000000,139,0,1390000000,1106000000,2321000000,2160000000,-61000000,43000000,10998000000,2986000000,45,4816000000,612000000,568000000,161000000,531000000,0,-55000000,8975000000,665000000,404000000,113000000,168000000,21000000,2682000000,-1297000000,-1303000000,1547000000,215000000,1547000000,1547000000,1601000000,0,2321000000,22,476000000,347000000,702000000,-4596000000,0,238000000,1155000000,-109000000,1106000000,20,49,14,111,93000000,12229000000,-665000000,1296000000,256000000,0,18319000000,2626000000,1893000000,4389000000,13930000000,18319000000,10776000000,-7253000000,5.39,287012987
QCOM,9/27/2015,2161000000,550000000,815000000,17,-994000000,0,284,7560000000,93000000,0,10378000000,362,1453000000,2496000000,1214000000,6591000000,6487000000,-20000000,0,2534000000,5479000000,59,14903000000,1219000000,3742000000,104000000,1492000000,178000000,-1797000000,9969000000,13626000000,-7000000,0,10937000000,-347000000,5506000000,-2261000000,-3572000000,5271000000,971000000,5271000000,5268000000,2599000000,0,5776000000,23,1863000000,687000000,2939000000,195000000,38000000,-2756000000,817000000,-793000000,0,26,21,21,338,5490000000,31226000000,-10459000000,3637000000,1000000000,9761000000,50796000000,22099000000,6100000000,31421000000,19375000000,50796000000,25281000000,0,3.26,1616871166
R,12/31/2015,1045725000,-40323000,110009000,15,-2667978000,1006021000,4,60945000,1448000,26745000,5086449000,65,0,1587522000,1192728000,619649000,469215000,37000,0,8899705000,389135000,23,1485444000,163226000,55192000,150434000,63725000,70980000,-93132000,4868097000,510246000,0,0,808271000,10853000,1441788000,731485000,-2161355000,304768000,76591000,304768000,305989000,835489000,14225000,509640000,8,0,138143000,0,-712735000,0,435643000,829595000,-292000,0,7,24,5,62,0,1667080000,17494000,961579000,634530000,0,10952580000,1098302000,1680255000,1987111000,8965469000,10952580000,6571893000,0,5.75,53003130.43
RCL,12/31/2015,998998000,63102000,68606000,8,-1613340000,3297619000,9,390713000,1197000,2339000,5099393000,19,0,0,827008000,943508000,665783000,-17555000,0,18777778000,286764000,39,3199681000,0,0,277725000,121332000,-110507000,-87122000,7767378000,0,0,0,280948000,-67676000,1946366000,-253512000,-1742975000,665783000,460428000,665783000,665783000,238972000,411267000,874902000,11,1020291000,220579000,1742286000,-1328433000,2520000,-19128000,798611000,15970000,827008000,8,8,8,17,0,6944862000,-188748000,1086504000,1551543000,0,20921855000,837022000,4292827000,8063039000,12858816000,20921855000,8299074000,-853348000,3.03,219730363
REGN,12/31/2015,644112000,-491421000,-12578000,17,-677933000,3099526000,129,809102000,-111825000,108000,392709000,359,461945000,664679000,74909000,1239338000,1225097000,0,0,1594120000,0,90,3711019000,589041000,0,14241000,238578000,-229668000,912549000,362919000,632162000,0,0,-140447000,160383000,1330780000,-262796000,-907601000,636056000,389988000,636056000,636056000,1467793000,0,1251916000,31,5810000,163501000,167050000,8572000,-160537000,0,115535000,-79476000,0,30,34,15,330,1620577000,852700000,-367129000,838526000,0,236121000,5609132000,2915095000,811162000,3654837000,1954295000,5609132000,4103728000,-306069000,6.17,103088492.7
RHI,12/31/2015,655396000,-75745000,550000,36,-75057000,979477000,34,224577000,0,131000,2980462000,183,117054000,0,53465000,581030000,581030000,-14280000,0,142906000,208579000,42,2114471000,223234000,4508000,0,0,-28225000,80180000,1007000,0,0,0,-140000,-62542000,438236000,-368548000,-117950000,357796000,35956000,357796000,357796000,704640000,0,580480000,11,0,268780000,0,-10294000,0,-14668000,10707000,-13416000,192000,11,58,7,183,0,34467000,-269609000,1533799000,153000,0,1671044000,1197997000,655549000,1003781000,667263000,1671044000,5094933000,0,2.72,131542647.1
RHT,2/28/2015,237733000,-121536000,14898000,14,-45648000,1963851000,95,1047473000,0,23000,273199000,141,98892000,387213000,93804000,264892000,255498000,-45301000,0,172151000,927060000,85,1516290000,75297000,134276000,9394000,0,11607000,353733000,702939000,546016000,0,0,638947000,400731000,622795000,148240000,-325003000,180201000,155275000,180201000,180201000,468021000,0,249994000,14,22731000,152695000,1096300000,-60621000,0,-290962000,72046000,-38682000,0,14,20,10,141,367856000,900373000,-496314000,898440000,0,215254000,3784569000,1883443000,1334033000,1288338000,2496231000,3784569000,1789489000,-1515288000,0.97,185774226.8
RL,3/28/2015,952000000,-96000000,-20000000,18,-391000000,2117000000,96,500000000,-97000000,1000000,3242000000,280,45000000,0,294000000,1004000000,987000000,-81000000,-11000000,1436000000,903000000,57,4378000000,285000000,267000000,17000000,1042000000,-285000000,7000000,298000000,0,0,0,210000000,-297000000,894000000,-421000000,-689000000,702000000,77000000,702000000,691000000,857000000,17000000,1035000000,14,131000000,281000000,0,-165000000,-1000000,-13000000,731000000,7000000,25000000,13,25,9,192,0,5787000000,-480000000,3301000000,234000000,644000000,6106000000,3324000000,1186000000,3891000000,2215000000,6106000000,7620000000,-3849000000,7.96,88190954.77
ROK,9/30/2015,947500000,73400000,-5500000,37,-122900000,1552100000,162,1427300000,-2500000,181400000,3604800000,294,494800000,0,162500000,1191200000,1127500000,-96700000,0,605600000,1028800000,43,2703100000,299900000,229500000,63700000,535600000,-104900000,31400000,1500900000,0,0,0,269300000,236000000,1187700000,-608100000,-246900000,827600000,100000000,827600000,827600000,1041000000,0,1196700000,19,149200000,171000000,380200000,-1334600000,-1600000,-19100000,1319300000,-4700000,0,18,50,13,253,0,5316900000,-538100000,1506400000,0,721900000,6404700000,3896800000,1327700000,2256800000,4147900000,6404700000,6307900000,-3459000000,6.15,134569105.7
ROP,12/31/2015,446293000,30753000,58652000,13,-36260000,1419262000,108,778511000,-1150000,1028000,1417749000,225,31532000,810856000,208397000,1086570000,1002345000,-58654000,0,105510000,5824726000,60,2164646000,306278000,2528996000,84225000,189868000,0,2916000,3264417000,0,0,0,1062868000,168081000,928825000,996242000,-1698332000,696067000,-9094000,696067000,696067000,610313000,0,1027918000,29,59554000,39355000,267030000,-212779000,-1677000,-1662072000,74017000,936000,0,28,19,19,198,0,4110530000,21201000,1136728000,6805000,0,10168365000,1618047000,720128000,5298947000,4869418000,10168365000,3582395000,-19094000,6.92,100587716.8
ROST,1/31/2015,1659368000,0,0,41,-646691000,1013607000,42,696608000,-115520000,4149000,7937956000,136,0,73730000,232959000,1485366000,1485366000,0,0,2273752000,0,28,3103721000,560642000,0,0,1372675000,12021000,268681000,395562000,3110000,0,0,245676000,273440000,1372865000,-460426000,-638999000,924724000,78431000,924724000,924724000,73278000,0,1488350000,13,160669000,106778000,0,330000,0,-4329000,279500000,-16410000,0,13,65,8,53,0,1421724000,-567063000,1615371000,0,500000,4687370000,2249839000,1659368000,2279210000,2408160000,4687370000,11041677000,-160600000,4.47,206873378.1
RRC,12/31/2015,335513000,64704000,-12987000,26,-1035085000,2442623000,0,471000,-14868000,1693000,648968000,125,0,882760000,1200712000,-885923000,-1052362000,0,0,6380760000,0,45,532736000,-338677000,0,166439000,33217000,367000,-66667000,2651303000,7218000,0,0,-446120000,23000,683700000,-464905000,-218772000,-713685000,213504000,-713685000,-736180000,123842000,659199000,-872936000,74,72979000,281544000,15071000,0,0,815946000,254590000,0,581155000,89,38,60,115,0,317587000,8298000,165318000,1136000,0,6900031000,439074000,351720000,2759658000,4140373000,6900031000,1181704000,-2245000,-4.29,166360139.9
RSG,12/31/2015,1365600000,-15700000,2000000,10,-945600000,4677700000,2,32400000,0,3500000,5518600000,67,0,1131800000,1050000000,1560800000,1195900000,0,0,7552800000,11145500000,39,3596400000,445500000,246400000,364900000,0,0,29600000,7527400000,0,2500000,0,497400000,-42800000,1679700000,-239700000,-1482800000,749900000,196000000,749900000,749900000,962900000,0,1558800000,17,360900000,235000000,463700000,-30500000,-7000000,-537200000,2265300000,-330600000,970600000,13,15,8,67,0,3138300000,-338800000,1067000000,5500000,0,20535900000,1230300000,1834800000,7774100000,12761800000,20535900000,9115000000,-14900000,2.14,350420560.7
SBUX,9/27/2015,2664300000,-82800000,372500000,47,-1303700000,41100000,44,1530100000,-207900000,1500000,7787500000,109,1180800000,0,933800000,3973500000,3903000000,-150600000,249900000,4088300000,1575400000,59,11375200000,1143700000,520400000,70500000,1306400000,60900000,308000000,2347500000,664500000,1800000,0,238400000,-178300000,3749100000,-2256500000,-1520300000,2757400000,-222800000,2757400000,2946200000,719000000,0,3601000000,19,415900000,334200000,983800000,-199400000,-93600000,-277500000,600900000,261500000,893900000,20,67,14,73,0,5974800000,-1605100000,7130200000,0,81300000,12416300000,3971000000,3648100000,5818000000,6598300000,12416300000,19162700000,0,1.84,1498586957
SCG,12/31/2015,991000000,188000000,149000000,14,-1153000000,0,9,176000000,-16000000,2390000000,2714000000,71,0,1907000000,414000000,1457000000,1139000000,0,0,13540000000,0,38,1666000000,393000000,0,318000000,312000000,493000000,-192000000,5882000000,71000000,0,0,-65000000,39000000,1059000000,-360000000,-660000000,746000000,-419000000,746000000,746000000,732000000,-234000000,1308000000,30,2157000000,158000000,264000000,-65000000,0,0,1962000000,338000000,358000000,26,21,17,55,0,3118000000,14000000,234000000,697000000,0,17146000000,1378000000,1952000000,5443000000,11703000000,17146000000,4380000000,0,5.22,142911877.4
SE,12/31/2015,768000000,141000000,114000000,3,-2848000000,5053000000,6,213000000,-40000000,1000000,2335000000,49,0,5445000000,778000000,1257000000,621000000,-7000000,-290000000,22918000000,4154000000,55,2899000000,161000000,0,636000000,307000000,98000000,83000000,12892000000,2902000000,3006000000,339000000,861000000,-2000000,2247000000,540000000,-2782000000,196000000,888000000,196000000,-94000000,806000000,349000000,1433000000,27,1301000000,322000000,860000000,-269000000,-5000000,-32000000,1323000000,-63000000,764000000,12,10,4,40,0,1741000000,878000000,353000000,1764000000,0,32923000000,1648000000,3392000000,6526000000,26397000000,32923000000,5234000000,0,0.29,675862069
SEE,12/31/2015,669000000,36700000,-109800000,43,-184000000,1915000000,19,351700000,-38300000,22600000,4444900000,123,204700000,75000000,213300000,653600000,425900000,-60400000,0,945700000,2909500000,37,2586600000,90500000,784300000,227700000,660800000,24000000,81400000,4266800000,0,0,0,211900000,73000000,982100000,-788700000,-60000000,225400000,154100000,335400000,225400000,912600000,78300000,763400000,11,345100000,290600000,843300000,-820000000,-129200000,100000000,729000000,199500000,88700000,6,81,3,86,0,675200000,-802000000,1656200000,294800000,0,7405000000,2215700000,1807100000,527100000,6877900000,7405000000,7031500000,-1265700000,1.63,138282208.6
SHW,12/31/2015,2099243000,-56873000,-4683000,121,-234340000,0,10,205744000,-40733000,115761000,5780078000,124,244882000,0,198562000,1610757000,1548966000,-13465000,0,1041862000,1143333000,49,5559226000,495117000,255371000,61791000,1018530000,-65593000,170819000,1920196000,0,0,0,167288000,165012000,1447463000,-980353000,-288633000,1053849000,177053000,1053849000,1053849000,1202158000,0,1615440000,14,447533000,232442000,0,1743331000,-42384000,11300000,861890000,-55214000,0,14,178,9,77,0,3228876000,-945301000,3943786000,42616000,0,5791855000,2658874000,2141859000,867910000,4923945000,5791855000,11339304000,-4220058000,11.38,92605360.28
SJM,4/30/2015,684600000,21800000,-169100000,5,-247700000,6007700000,12,125600000,25300000,29900000,3724000000,194,0,2397000000,268400000,602900000,523000000,-28600000,0,1678300000,6011600000,35,1968700000,178100000,6950300000,79900000,1163600000,0,-207300000,5944900000,0,0,0,1166200000,-27900000,733200000,863200000,-1595700000,344900000,172800000,344900000,344900000,430100000,0,772000000,14,182200000,264600000,112000000,-109900000,-24700000,-1348000000,354900000,107300000,110900000,9,7,6,80,0,1159200000,-24300000,1085800000,226000000,0,16806300000,1983900000,1022600000,7086900000,9719400000,16806300000,5692700000,0,3.33,103573573.6
SNI,12/31/2015,310543000,-79070000,40900000,40,-52480000,1347491000,23,223444000,0,1287000,987357000,177,91954000,0,921052000,1229911000,1121864000,12539000,80916000,293230000,1804748000,67,2030870000,343391000,1785563000,108047000,0,19456000,116100000,3511098000,807630000,313245000,99000000,1250764000,-654720000,814214000,-876973000,-604500000,606828000,-908212000,606828000,687744000,816679000,0,1103932000,37,161308000,687758000,96040000,-130233000,-671702000,-571476000,250391000,-14129000,137596000,37,74,20,177,0,305386000,-1133148000,785179000,568066000,0,6672314000,1727881000,974649000,1523931000,5148383000,6672314000,3018227000,0,4.68,129664102.6
SO,12/31/2015,3434000000,243000000,-178000000,11,-7393000000,0,15,1404000000,17000000,0,9811000000,71,2937000000,14448000000,2395000000,4469000000,3629000000,0,0,62354000000,0,44,7678000000,1194000000,0,840000000,1929000000,396000000,-567000000,24688000000,1512000000,0,43000000,3723000000,694000000,6274000000,1700000000,-7280000000,2421000000,1218000000,2367000000,2421000000,2162000000,0,4282000000,24,4989000000,1031000000,1489000000,0,-75000000,-283000000,7910000000,533000000,2034000000,21,17,14,50,0,0,70000000,997000000,4206000000,0,78318000000,6526000000,9129000000,21982000000,56218000000,78200000000,17489000000,0,2.6,931153846.2
SPGI,12/31/2015,766000000,-118000000,11000000,596,-139000000,475000000,51,1481000000,0,412000000,0,113,0,0,157000000,1917000000,1815000000,-67000000,0,270000000,2882000000,100,5313000000,547000000,1522000000,102000000,0,-4000000,-1665000000,3468000000,0,49000000,920000000,2817000000,-1016000000,195000000,1510000000,-2525000000,1156000000,531000000,1156000000,1268000000,1100000000,0,1917000000,36,213000000,709000000,1999000000,-600000000,-5000000,-2382000000,644000000,-107000000,157000000,34,936,22,113,0,7636000000,-904000000,3250000000,143000000,6000000,8183000000,3296000000,2908000000,194000000,7989000000,8183000000,5313000000,-7729000000,4.26,271361502.3
SPLS,1/31/2015,3197000000,-184000000,34000000,3,-361000000,4935000000,19,627000000,62000000,1000000,16691000000,151,0,0,467000000,317000000,268000000,-48000000,0,1706000000,2680000000,26,5801000000,133000000,335000000,49000000,2144000000,0,-70000000,1018000000,0,8000000,0,-27000000,127000000,1043000000,-493000000,-375000000,135000000,495000000,135000000,135000000,1928000000,641000000,310000000,1,636000000,252000000,0,-1041000000,0,-14000000,688000000,138000000,62000000,1,5,1,85,0,6829000000,-159000000,4816000000,92000000,0,10308000000,4951000000,3289000000,5305000000,5003000000,10308000000,22492000000,-5419000000,0.21,642857142.9
SRCL,12/31/2015,346531000,-55890000,793000,10,-114761000,1143020000,9,55634000,0,849000,1719723000,130,0,608272000,127412000,488405000,410907000,-4234000,0,665602000,3758177000,42,1266185000,142894000,1842561000,77498000,0,294000,47811000,3052639000,0,17947000,0,1622419000,33398000,390328000,2181208000,-2533904000,267046000,2026000,256940000,267046000,614494000,0,487612000,16,49282000,91631000,79409000,-282631000,0,-2419437000,81352000,956000,65770000,14,15,9,130,0,1868645000,576448000,712803000,161409000,69000,7077450000,761828000,587349000,2729891000,4347559000,7077450000,2985908000,0,3.02,88425827.81
SRE,12/31/2015,2015000000,99000000,225000000,11,-3156000000,0,9,430000000,-65000000,2621000000,6648000000,63,0,4605000000,1250000000,2161000000,1600000000,-14000000,189000000,28039000000,819000000,35,3583000000,341000000,404000000,561000000,298000000,277000000,130000000,13283000000,4499000000,750000000,20000000,516000000,-167000000,2905000000,-173000000,-2885000000,1350000000,-492000000,1349000000,1350000000,1509000000,0,1936000000,19,4498000000,654000000,1012000000,-806000000,35000000,-6000000,6071000000,535000000,1250000000,16,14,13,56,0,9994000000,-22000000,397000000,1585000000,0,41150000000,2891000000,4612000000,11809000000,29341000000,41150000000,10231000000,0,5.43,248618784.5
STX,7/3/2015,2343000000,45000000,119000000,58,-747000000,5734000000,106,2479000000,29000000,0,9930000000,238,496000000,0,841000000,2177000000,1970000000,-20000000,0,2278000000,874000000,28,3809000000,228000000,370000000,207000000,993000000,18000000,-210000000,4155000000,0,0,0,170000000,-155000000,2647000000,-1495000000,-1287000000,1742000000,206000000,1742000000,1742000000,1857000000,32000000,2058000000,15,259000000,233000000,0,-30000000,-12000000,-558000000,329000000,-6000000,129000000,14,65,13,195,1353000000,-2686000000,-989000000,237000000,0,6000000,9845000000,5568000000,2343000000,3018000000,6827000000,9845000000,13739000000,0,5.38,323791821.6
SWKS,10/2/2015,372600000,-222200000,500000,25,-430100000,2495200000,225,1043600000,3600000,47600000,1703900000,413,56300000,0,195800000,1023600000,1023600000,0,0,826400000,856700000,48,1554500000,225300000,45000000,0,267900000,0,196500000,0,0,0,0,0,237800000,992800000,-300300000,-454700000,798300000,60000000,798300000,798300000,538000000,3400000,1023100000,31,20300000,65200000,91300000,-8200000,0,-24600000,96300000,-39200000,33500000,31,32,24,355,303200000,1469200000,-234500000,191300000,0,0,3719400000,1914700000,463900000,3159200000,560200000,3719400000,3258400000,-844600000,4.21,189619952.5
SYK,12/31/2015,2734000000,-151000000,-126000000,17,-270000000,1321000000,116,3379000000,-115000000,37000000,3344000000,227,0,0,397000000,1735000000,1735000000,-130000000,0,1199000000,4136000000,66,6602000000,296000000,1794000000,0,1639000000,2379000000,-1388000000,3230000000,0,0,0,48000000,1584000000,899000000,-1141000000,1956000000,1439000000,503000000,1439000000,1439000000,1662000000,0,1861000000,19,1151000000,563000000,0,-639000000,6000000,-153000000,980000000,214000000,210000000,17,20,14,180,625000000,7792000000,-700000000,3906000000,768000000,700000000,16223000000,7943000000,3502000000,8511000000,7712000000,16223000000,9946000000,0,3.82,376701570.7
SYMC,4/3/2015,448000000,-35000000,25000000,15,-303000000,0,87,2843000000,0,6101000000,727000000,122,0,752000000,355000000,179000000,101000000,-180000000,0,950000000,3146000000,82,3229000000,-8000000,525000000,78000000,0,-734000000,-528000000,1746000000,10000000,0,0,-21000000,-833000000,1312000000,-811000000,-1154000000,878000000,-669000000,878000000,109000000,852000000,164000000,154000000,4,3180000000,710000000,3655000000,104000000,-3000000,-117000000,347000000,16000000,87000000,3,2,22,122,812000000,-270000000,-384000000,2012000000,350000000,1017000000,13233000000,5422000000,4453000000,5935000000,7298000000,13233000000,3956000000,0,1.27,691338582.7
SYY,6/27/2015,4349563000,-11741000,33592000,13,-542830000,1213999000,55,5130044000,-125232000,765175000,40129236000,122,0,81591000,580964000,1262954000,1008147000,-81702000,0,3982143000,1959817000,18,8551516000,321374000,154809000,254807000,2691823000,0,398575000,2271825000,0,41304000,0,4557026000,4716998000,1555484000,3897562000,-654346000,686773000,62852000,686773000,686773000,3488635000,0,1229362000,3,398208000,183802000,0,-923197000,0,-111516000,934722000,-36707000,0,2,19,1,94,0,8751985000,240176000,0,5050052000,0,17989281000,11494304000,9399615000,5260224000,12729057000,17989281000,48680752000,-4547738000,1.16,592045689.7
T,12/31/2015,40180000000,-535000000,-52000000,11,-19218000000,89763000000,11,5121000000,0,6495000000,67046000000,75,0,56181000000,22016000000,24812000000,20692000000,0,79000000,1.24E+11,1.05E+11,54,79755000000,7005000000,1.21E+11,4120000000,0,748000000,556000000,1.19E+11,1606000000,969000000,0,23926000000,-3482000000,35880000000,9782000000,-49144000000,13345000000,3423000000,13345000000,13424000000,16532000000,0,24785000000,17,15346000000,14339000000,0,5334000000,-3818000000,-30674000000,56520000000,-3267000000,22016000000,14,17,9,75,0,33671000000,-126000000,32954000000,7636000000,0,4.03E+11,35992000000,47816000000,1.23E+11,2.80E+11,4.03E+11,1.47E+11,-12592000000,2.37,5630801688
TAP,12/31/2015,1184400000,60800000,9200000,5,-275000000,4000400000,35,430900000,10900000,1700000,2163500000,103,0,799800000,325500000,531000000,410700000,-43400000,516300000,1590800000,1983300000,39,1404000000,51800000,4745700000,120300000,179300000,-1600000,-114900000,2908700000,2441000000,20100000,0,-50800000,-150300000,715900000,-531500000,-334700000,359500000,-600000,359500000,358900000,525900000,346700000,521800000,15,256700000,122700000,4100000,-983700000,0,-58100000,287500000,71400000,0,12,6,10,89,0,4496000000,-115500000,1051800000,28700000,0,12276300000,1258800000,1217200000,7043000000,5233300000,12276300000,3567500000,-471400000,1.94,185309278.4
TDC,12/31/2015,216000000,1000000,60000000,25,-52000000,1128000000,88,839000000,-11000000,1000000,1254000000,182,41000000,43000000,170000000,-135000000,-144000000,-20000000,0,143000000,380000000,50,1276000000,70000000,212000000,9000000,49000000,85000000,16000000,570000000,0,0,0,313000000,5000000,401000000,-324000000,-52000000,-214000000,436000000,-214000000,-214000000,580000000,478000000,-195000000,8,20000000,266000000,527000000,-76000000,18000000,-85000000,115000000,3000000,0,6,17,8,177,228000000,-204000000,-657000000,765000000,210000000,0,2530000000,1734000000,953000000,849000000,1681000000,2530000000,2530000000,0,-1.53,139869281
TDG,9/30/2015,414375000,-25418000,-18393000,43,-54871000,950324000,109,714033000,-25974000,551000,1257270000,272,0,404997000,109460000,1055609000,636824000,-2251000,0,260684000,4686220000,54,1449845000,189612000,1539851000,418785000,591401000,0,43396000,8106383000,0,0,0,935939000,-105515000,520938000,1054947000,-1679149000,447212000,-15346000,443847000,447212000,444072000,0,1074002000,40,30593000,37081000,0,-96009000,-1266000,-1624278000,173267000,-12392000,54219000,24,61,17,182,0,-1717232000,61674000,321624000,243219000,0,8303935000,1786587000,657594000,-1038306000,9342241000,8303935000,2707115000,-175940000,2.5,178884800
TEL,9/25/2015,2892000000,-210000000,-38000000,25,-600000000,4359000000,93,3329000000,-220000000,182000000,8146000000,221,2144000000,329000000,616000000,1711000000,1575000000,-71000000,0,2920000000,4824000000,33,4087000000,337000000,1555000000,136000000,1615000000,0,-217000000,3386000000,964000000,0,0,-184000000,872000000,1913000000,-1606000000,636000000,2420000000,-839000000,2420000000,1238000000,2465000000,207000000,1749000000,14,297000000,476000000,185000000,-373000000,0,1236000000,3714000000,69000000,0,13,16,20,175,627000000,6673000000,-920000000,1504000000,498000000,0,20589000000,7885000000,3575000000,9585000000,11004000000,20589000000,12233000000,-1256000000,5.98,404682274.2
TGT,1/31/2015,11542000000,0,0,12,-1786000000,4899000000,19,2210000000,-512000000,53000000,51278000000,116,0,1160000000,2129000000,4535000000,3653000000,0,0,25952000000,0,29,21340000000,1204000000,0,882000000,8282000000,106000000,777000000,12634000000,0,0,0,-166000000,1515000000,4439000000,-998000000,-1926000000,-1636000000,4488000000,-1636000000,2449000000,0,0,4535000000,6,1596000000,3132000000,103000000,-599000000,0,-246000000,1645000000,-115000000,2129000000,5,26,2,46,0,9644000000,373000000,14676000000,91000000,0,41172000000,13624000000,11736000000,13997000000,27175000000,41172000000,72618000000,0,-2.58,634108527.1
TIF,1/31/2015,357900000,-17600000,-91000000,17,-247400000,1173600000,111,730000000,-167600000,1300000,1712700000,533,426100000,64500000,185000000,800400000,737500000,9500000,0,899500000,0,60,2537200000,253300000,0,62900000,2362100000,30400000,49300000,882500000,0,15600000,0,151900000,384200000,615100000,-23400000,-217000000,484200000,122900000,484200000,484200000,195200000,0,891400000,21,346200000,220000000,66100000,-290500000,0,0,724900000,-41100000,0,17,26,11,174,0,1950700000,15900000,1645800000,234000000,1500000,5180600000,3508800000,658000000,2835100000,2345500000,5180600000,4249900000,0,3.75,129120000
TJX,1/31/2015,3929634000,-9052000,-16830000,52,-911522000,0,71,2493775000,-332271000,684733000,20776522000,167,22532000,282885000,588975000,3589671000,3549884000,-150161000,0,3868365000,0,29,8301885000,1334756000,309870000,39787000,3217923000,-43115000,451000000,1623864000,0,0,0,749475000,344029000,3008369000,-1559542000,-954637000,2215128000,115748000,2215128000,2198298000,226299000,0,3606501000,12,210539000,356824000,0,-554385000,-424294000,0,888137000,-21159000,0,12,83,8,85,0,4133882000,-1507699000,4695384000,0,282623000,10988750000,6577444000,3929634000,4264230000,6724520000,10988750000,29078407000,0,3.2,692227500
TMO,12/31/2015,2776600000,-149400000,-399800000,9,-422900000,11801200000,11,452100000,-140700000,411900000,9209500000,138,0,2622600000,1688200000,1936400000,1936400000,-129600000,0,2448800000,18827600000,46,7755900000,-43900000,12758300000,0,1991700000,12000000,145000000,11473900000,0,0,0,-1932700000,-891400000,2816900000,-2491300000,-1087400000,1975400000,-401100000,1975400000,1980300000,2544900000,115300000,2336200000,14,1113100000,752500000,317900000,-1997300000,-6100000,-676500000,1295000000,-291800000,0,11,9,12,90,692300000,12142300000,-376000000,4612100000,1052800000,0,40889000000,5741200000,4147300000,21350200000,19538800000,40889000000,16965400000,-1007900000,4.96,398266129
TRIP,12/31/2015,142000000,-31000000,17000000,14,-109000000,741000000,212,614000000,0,0,58000000,277,0,15000000,93000000,249000000,239000000,-10000000,0,247000000,732000000,96,1434000000,41000000,176000000,10000000,0,53000000,67000000,200000000,37000000,0,0,-140000000,159000000,382000000,-153000000,-60000000,198000000,55000000,198000000,198000000,180000000,0,232000000,16,71000000,24000000,169000000,-63000000,-61000000,-4000000,189000000,0,93000000,16,17,13,277,0,826000000,12000000,1109000000,1000000,47000000,2128000000,865000000,312000000,1412000000,716000000,2128000000,1492000000,-92000000,1.38,143478260.9
TSCO,12/26/2015,670406000,0,0,29,-236496000,596131000,10,63813000,-168925000,1352000,4083333000,221,9224000,84793000,123569000,650508000,647617000,0,0,847576000,10258000,34,2143174000,237222000,0,2891000,1284375000,0,89588000,166992000,0,0,0,149493000,12679000,429180000,-180589000,-235912000,410395000,-12747000,410395000,410395000,49733000,0,650508000,10,18337000,87510000,0,0,0,584000,54463000,-12700000,123569000,10,46,7,30,0,2225601000,-254013000,1369097000,878000,0,2370826000,1485431000,671284000,1393294000,977532000,2370826000,6226507000,-1429790000,3.03,135443894.4
TSO,12/31/2015,1568000000,638000000,-29000000,30,-1030000000,1391000000,37,942000000,-179000000,26000000,22466000000,170,0,1222000000,772000000,2847000000,2630000000,0,7000000,9541000000,0,22,6245000000,936000000,1211000000,217000000,2302000000,-97000000,-863000000,4067000000,0,2527000000,0,-111000000,-58000000,2131000000,-1060000000,-1129000000,1540000000,150000000,1540000000,1694000000,792000000,0,2827000000,10,1273000000,271000000,962000000,-149000000,-7000000,-2000000,773000000,-77000000,756000000,9,50,5,79,0,5954000000,-532000000,2620000000,0,0,16332000000,4307000000,2530000000,5213000000,11119000000,16332000000,28711000000,-2009000000,12.5,123200000
TSS,12/31/2015,118807000,-39218000,-37219000,20,-54640000,241891000,115,389328000,0,20277000,1855181000,260,5598000,216470000,260502000,496888000,496888000,-7111000,22106000,289898000,1545424000,33,924360000,151364000,981201000,0,0,-1686000,-29853000,1383634000,106118000,5664000,23410000,-52807000,100145000,600194000,-290754000,-202184000,369041000,48220000,364044000,367630000,339375000,0,534107000,19,97159000,154199000,166579000,-33544000,0,-145858000,96886000,-8498000,0,18,27,13,260,0,2256058000,-183599000,390253000,53832000,0,3908300000,882902000,339218000,1843018000,2065282000,3908300000,2779541000,-641664000,1.98,186384343.4
TXN,12/31/2015,1555000000,77000000,32000000,30,-551000000,1629000000,126,1000000000,93000000,1741000000,5440000000,277,201000000,413000000,1133000000,4306000000,4216000000,0,0,2596000000,4362000000,58,7560000000,1230000000,1629000000,90000000,1691000000,125000000,-170000000,3120000000,221000000,0,0,-502000000,-199000000,4268000000,-4165000000,-302000000,2986000000,146000000,2986000000,2986000000,1165000000,258000000,4274000000,33,147000000,1000000000,0,-532000000,-3000000,124000000,196000000,3000000,0,32,42,23,211,1280000000,31176000000,-2299000000,1748000000,1000000000,2218000000,16230000000,7074000000,2555000000,9946000000,6284000000,16230000000,13000000000,-24068000000,2.86,1044055944
UA,12/31/2015,393395000,-191876000,-7234000,14,-298928000,636630000,27,129852000,-278524000,72000,2057766000,313,92157000,0,100940000,401313000,386685000,-11822000,0,538531000,585181000,48,1905547000,154112000,75686000,14628000,783031000,-6534000,39010000,627000000,0,0,0,384798000,-463323000,-44104000,440078000,-847475000,232573000,130249000,232573000,232573000,433638000,0,408547000,10,78582000,152242000,43415000,-45013000,0,-542013000,94868000,-76476000,0,10,23,6,149,0,1076533000,10310000,1497000000,42000000,0,2868900000,1498763000,478810000,1668222000,1200678000,2868900000,3963313000,0,1.08,215345370.4
UAL,12/31/2015,7972000000,-15000000,-327000000,82,-2747000000,7946000000,42,3058000000,0,4000000,12130000000,63,2037000000,2826000000,1819000000,4839000000,4219000000,0,0,21580000000,4523000000,68,25734000000,-3121000000,4136000000,620000000,738000000,190000000,-728000000,10400000000,0,0,0,-1228000000,1004000000,5992000000,-2495000000,-2493000000,7340000000,-2264000000,7340000000,7340000000,1128000000,326000000,5166000000,14,757000000,740000000,2959000000,-831000000,-13000000,64000000,6255000000,-160000000,1819000000,11,47,19,57,0,3457000000,-1217000000,18423000000,1483000000,2190000000,40861000000,7828000000,12414000000,8966000000,31895000000,40861000000,37864000000,-1610000000,19.52,376024590.2
UHS,12/31/2015,1037684000,-45814000,0,16,-912976000,0,6,61228000,0,983000,0,156,35357000,315900000,398618000,1259395000,1145901000,-1609000,0,3835978000,3596114000,100,9043451000,395203000,0,113494000,116037000,-3300000,90202000,3387303000,0,59514000,242509000,178999000,29159000,1020898000,-77245000,-912885000,680528000,36356000,680528000,680528000,1437549000,0,1259395000,14,448360000,103490000,0,-317857000,0,3391000,278834000,-209162000,398618000,13,27,8,146,0,4566521000,-201341000,7385438000,62722000,0,9634113000,1718304000,1100406000,4249647000,5384466000,9634113000,9043451000,0,6.89,98770391.87
UNP,12/31/2015,2612000000,255000000,226000000,23,-4650000000,4417000000,43,1391000000,-24000000,2776000000,4434000000,129,0,15241000000,2012000000,8278000000,7656000000,0,0,48866000000,0,80,17379000000,2884000000,0,622000000,736000000,0,-361000000,13607000000,1410000000,0,0,2772000000,-195000000,7344000000,-3063000000,-4476000000,4772000000,737000000,4772000000,4772000000,1356000000,0,8052000000,37,194000000,647000000,0,-1195000000,-26000000,174000000,1844000000,-47000000,2012000000,35,37,22,106,0,30233000000,-3465000000,7315000000,594000000,0,54600000000,4130000000,3206000000,20702000000,33898000000,54600000000,21813000000,-15529000000,5.51,866061706
UPS,12/31/2015,5497000000,-452000000,15000000,196,-2379000000,0,44,2730000000,0,9000000,12947000000,123,255000000,115000000,2084000000,7683000000,7342000000,-117000000,0,18352000000,3419000000,78,45416000000,2498000000,1549000000,341000000,0,-1022000000,-216000000,11316000000,473000000,21000000,0,3588000000,439000000,7430000000,-1565000000,-5309000000,4844000000,809000000,4844000000,4844000000,7134000000,0,7668000000,13,1055000000,1348000000,1464000000,-3489000000,-175000000,-1908000000,13693000000,361000000,2084000000,13,297,8,123,0,6001000000,-2453000000,35664000000,3735000000,1996000000,38311000000,13208000000,10696000000,2470000000,35841000000,38311000000,58363000000,-51000000,5.38,900371747.2
URBN,1/31/2015,353740000,-18393000,-1935000,18,-229804000,0,73,154558000,-68992000,13000,2148147000,229,85944000,207032000,138110000,363450000,363450000,-3748000,0,889232000,0,35,1174930000,131022000,0,0,358237000,424638000,48543000,0,104448000,0,0,0,-87500000,322321000,-600907000,194834000,232428000,13882000,232428000,232428000,89213000,0,365385000,11,0,102863000,0,-15427000,-615422000,0,0,-23257000,0,11,27,7,127,0,1343383000,10693000,809545000,0,104246000,1888741000,809117000,353740000,1327969000,560772000,1888741000,3323077000,0,1.7,136722352.9
UTX,12/31/2015,21513000000,-438000000,0,28,-1652000000,0,31,7075000000,-766000000,16033000000,40431000000,118,1961000000,0,1863000000,7291000000,6467000000,-174000000,0,8732000000,27301000000,28,15667000000,2111000000,15603000000,824000000,8135000000,-87000000,343000000,19320000000,1018000000,1486000000,122000000,775000000,1630000000,6755000000,-10776000000,-2794000000,7608000000,1687000000,7608000000,3996000000,10653000000,0,7291000000,13,6163000000,843000000,0,-7724000000,-508000000,-1055000000,16580000000,8329000000,0,12,24,14,82,2279000000,49956000000,-8859000000,6097000000,1105000000,0,87484000000,26706000000,22618000000,27358000000,60126000000,87484000000,56098000000,-30907000000,8.72,872477064.2
VAR,10/2/2015,550100000,-79400000,13600000,24,-91400000,682200000,61,845500000,-41600000,98100000,1816400000,174,119400000,0,68500000,562600000,554700000,14200000,0,379200000,283500000,41,1282700000,142700000,72600000,7900000,612600000,-24900000,64100000,337500000,0,14700000,0,58600000,-3800000,469600000,-276700000,-210900000,411500000,54200000,411500000,411500000,770900000,0,549000000,18,331000000,164000000,668200000,-86500000,-600000,-94600000,138200000,-8200000,0,18,32,13,129,245200000,1017800000,-347300000,488500000,158400000,0,3578700000,2393000000,1376700000,1711600000,1867100000,3578700000,3099100000,0,4.13,99636803.87
VIAB,9/30/2015,1254000000,124000000,-54000000,54,-142000000,10017000000,13,506000000,-4826000000,0,6868000000,119,0,150000000,5147000000,3160000000,2503000000,-73000000,102000000,4563000000,11456000000,48,6400000000,501000000,340000000,657000000,786000000,0,-9000000,12267000000,0,61000000,219000000,-410000000,-494000000,2313000000,-2477000000,-257000000,1922000000,-76000000,1922000000,2002000000,2807000000,206000000,3112000000,23,1206000000,479000000,2581000000,-534000000,-144000000,-115000000,2055000000,-49000000,222000000,19,71,14,98,0,14780000000,-1402000000,2860000000,18000000,0,22143000000,4578000000,3853000000,3538000000,18605000000,22143000000,13268000000,-20725000000,4.78,402092050.2
VLO,12/31/2015,7233000000,0,46000000,19,-1618000000,7064000000,56,4114000000,0,7000000,74651000000,203,2668000000,6768000000,1842000000,6404000000,5971000000,-154000000,0,26703000000,0,15,13153000000,1870000000,0,433000000,5898000000,0,0,7250000000,0,827000000,0,933000000,425000000,5611000000,-2545000000,-2487000000,3990000000,955000000,3990000000,4101000000,4756000000,0,6358000000,7,0,204000000,0,-933000000,25000000,-869000000,1611000000,-1287000000,1842000000,7,29,5,123,0,25188000000,-2610000000,4953000000,127000000,0,44343000000,14972000000,7360000000,20527000000,23816000000,44343000000,87804000000,-10799000000,8,498750000
VMC,12/31/2015,353349000,-42164000,8594000,5,-289262000,2822578000,81,285210000,-20925000,133172000,2564648000,307,0,904736000,274823000,548445000,327857000,0,0,3156290000,3094824000,25,857533000,94943000,766579000,220588000,347073000,0,10394000,1980334000,40558000,0,0,-60060000,142787000,503378000,-50849000,-309742000,221177000,46042000,221177000,232914000,418024000,4988000,549778000,16,158790000,34284000,0,-120069000,-65000,-20480000,608895000,14031000,0,10,7,6,209,0,1618507000,51496000,312694000,130000,0,8301632000,1084591000,353479000,4454188000,3847444000,8301632000,3422181000,0,1.66,133239156.6
VRSK,12/31/2015,247495000,-14609000,17003000,37,-166138000,2023390000,10,138348000,0,137000,803274000,41,0,396430000,228383000,838752000,717436000,606000,0,418168000,3134826000,61,1264736000,209859000,1376745000,121316000,0,85309000,-63307000,2293179000,0,0,0,1733966000,98989000,623687000,2481013000,-3006317000,507577000,-97937000,507577000,507577000,368952000,0,736562000,36,81619000,93693000,356951000,-242052000,-8381000,-2925488000,75050000,63580000,215484000,35,52,25,41,0,2161726000,739223000,312690000,874811000,3576000,5615927000,604569000,1479257000,1372011000,4243916000,5615927000,2068010000,-2571190000,3.07,165334527.7
VRSN,12/31/2015,188171000,661000,-10665000,35,-40656000,17558822000,127,228659000,0,323000,192788000,131,17361000,575053000,73783000,595281000,487650000,246000,0,295570000,52527000,82,866578000,112414000,0,107631000,0,-452302000,92001000,1235354000,0,0,0,492237000,37051000,651482000,-117778000,-496899000,375236000,29201000,375236000,375236000,12638000,0,605946000,57,24355000,39856000,680483000,-3993000,0,-3941000,114797000,80600000,0,46,46,35,131,63718000,-18625599000,-628479000,196914000,634326000,1686771000,2357737000,1967924000,1502980000,-1070447000,3428184000,2357737000,1059366000,0,3.29,114053495.4
VRTX,12/31/2015,380762000,-104847000,-6715000,59,-45302000,6197500000,221,793678000,-23146000,2427000,124512000,278,0,120153000,62343000,-473594000,-557800000,-2834000,0,697715000,50384000,88,907824000,30381000,284340000,84206000,57207000,404402000,51303000,739503000,30000000,153661000,0,3327000,89509000,-365432000,188919000,268856000,-556334000,246356000,-556334000,-588181000,177639000,2206000,-466879000,45,29283000,50935000,38564000,1824000,0,-90244000,39242000,-9260000,0,54,59,54,267,995922000,-5261784000,185592000,376575000,87023000,327694000,2498875000,1407153000,506349000,939967000,1558908000,2498875000,1032336000,0,-2.31,240837229.4
VZ,12/31/2015,19362000000,-945000000,186000000,109,-17775000000,11196000000,14,4470000000,-99000000,424000000,52557000000,64,0,45484000000,16017000000,33160000000,28240000000,0,-86000000,93808000000,25331000000,60,79063000000,9865000000,94913000000,4920000000,1252000000,0,2545000000,1.04E+11,796000000,1414000000,0,-3017000000,-6128000000,38930000000,-15015000000,-30043000000,17879000000,3506000000,17879000000,17793000000,13457000000,0,33060000000,25,7512000000,2751000000,9201000000,978000000,1634000000,-12268000000,42557000000,-469000000,16017000000,21,172,14,60,0,11246000000,-5094000000,29986000000,6489000000,350000000,2.45E+11,22280000000,35052000000,16428000000,2.28E+11,2.45E+11,1.32E+11,-7416000000,4.38,4081963470
WDC,7/3/2015,2831000000,458000000,15000000,16,-612000000,2428000000,163,5024000000,-143000000,3000000,10351000000,263,0,0,1114000000,1626000000,1577000000,0,0,2965000000,2766000000,29,4221000000,112000000,332000000,49000000,1368000000,-84000000,-1005000000,2149000000,0,0,0,130000000,220000000,2242000000,-1069000000,-953000000,1465000000,256000000,1465000000,1465000000,1532000000,0,1611000000,11,594000000,327000000,0,-20000000,-64000000,-257000000,564000000,97000000,0,11,17,10,221,1646000000,9107000000,-758000000,964000000,407000000,262000000,15170000000,8513000000,3238000000,9219000000,5951000000,15170000000,14572000000,-2299000000,6.31,232171156.9
WEC,12/31/2015,985100000,84000000,58900000,7,-1266200000,4347200000,2,49800000,-69400000,3200000,3949400000,81,0,5201700000,583500000,1405500000,1074100000,0,96100000,19189700000,3023500000,33,1976700000,433800000,0,331400000,687000000,-1338600000,4800000,9124100000,1466700000,0,0,1783400000,-12100000,1293600000,1211800000,-2517500000,640300000,297700000,638500000,736400000,1028600000,0,1250500000,21,3468500000,441400000,471200000,4600000,-18900000,87300000,3635200000,-247300000,561800000,18,12,11,56,0,4299800000,-97300000,164400000,1252700000,0,29355200000,2206800000,2709000000,8685200000,20670000000,29355200000,5926100000,0,2.36,271313559.3
WFM,9/27/2015,776000000,-21000000,17000000,14,-335000000,0,41,364000000,-61000000,2904000000,9973000000,123,144000000,587000000,456000000,878000000,878000000,-5000000,0,3163000000,710000000,35,5416000000,342000000,79000000,0,500000000,434000000,132000000,62000000,63000000,0,0,-1000000,47000000,1129000000,-622000000,-455000000,536000000,96000000,536000000,536000000,417000000,83000000,861000000,6,38000000,108000000,473000000,-28000000,-1000000,-554000000,71000000,-9000000,0,6,23,3,83,0,2017000000,-447000000,4472000000,3000000,155000000,5741000000,1544000000,1252000000,3769000000,1972000000,5741000000,15389000000,-1124000000,1.49,359731543.6
WHR,12/31/2015,6236000000,-89000000,-89000000,17,-689000000,2641000000,10,772000000,-141000000,111000000,17201000000,89,2301000000,0,668000000,1196000000,1031000000,-91000000,0,3774000000,3006000000,18,3690000000,209000000,2678000000,165000000,2619000000,-70000000,-76000000,3470000000,0,931000000,0,-217000000,-254000000,1225000000,-707000000,-681000000,783000000,-63000000,783000000,783000000,2530000000,201000000,1285000000,6,377000000,953000000,980000000,-2332000000,-9000000,78000000,2122000000,104000000,74000000,5,22,4,55,0,6722000000,-212000000,2130000000,528000000,0,19010000000,6874000000,7744000000,4743000000,13336000000,18079000000,20891000000,-2399000000,9.95,78693467.34
WM,12/31/2015,1785000000,-178000000,-562000000,14,-1233000000,4827000000,2,39000000,0,6000000,8231000000,93,0,1391000000,1335000000,1445000000,1060000000,-3000000,-38000000,10665000000,5984000000,36,4730000000,308000000,477000000,385000000,92000000,-20000000,-209000000,8676000000,360000000,22000000,0,-982000000,-1268000000,2498000000,-2155000000,-1608000000,753000000,789000000,753000000,160000000,2094000000,97000000,2045000000,16,536000000,120000000,472000000,-127000000,31000000,-355000000,2423000000,9000000,1245000000,8,20,6,90,0,6939000000,-524000000,1343000000,253000000,0,20367000000,2345000000,2510000000,5345000000,15022000000,20367000000,12961000000,-6300000000,1.66,453614457.8
WMB,12/31/2015,1822000000,39000000,129000000,9,-3167000000,14807000000,4,100000000,105000000,784000000,3434000000,61,0,4218000000,1820000000,-669000000,-1713000000,0,-1024000000,29579000000,47000000,53,3926000000,-399000000,9970000000,1044000000,127000000,-707000000,-64000000,23812000000,7336000000,10077000000,0,2915000000,-140000000,2678000000,481000000,-3299000000,-571000000,2335000000,-571000000,-1314000000,1083000000,1098000000,226000000,3,561000000,217000000,0,-442000000,395000000,575000000,2268000000,-243000000,1738000000,23,28,8,56,0,-7960000000,197000000,864000000,675000000,0,49020000000,1527000000,2497000000,6148000000,42872000000,49020000000,7360000000,-1041000000,-0.76,751315789.5
WMT,1/31/2015,58583000000,-569000000,113000000,20,-12174000000,2462000000,14,9135000000,-1229000000,323000000,3.65E+11,97,0,8805000000,9173000000,27260000000,24799000000,-514000000,0,1.17E+11,18102000000,25,1.21E+11,7985000000,0,2461000000,45141000000,0,4093000000,43495000000,0,4543000000,0,-5018000000,1854000000,28564000000,-15071000000,-11125000000,16363000000,-3000000,16363000000,16814000000,6778000000,0,27147000000,6,5455000000,2224000000,0,-7168000000,-409000000,1049000000,0,0,0,5,30,3,28,0,85777000000,-2859000000,93418000000,6670000000,0,2.03E+11,63278000000,65253000000,81394000000,1.22E+11,2.03E+11,4.86E+11,0,5.07,3227416174
WU,12/31/2015,1090700000,0,300000,60,-94400000,566500000,16,1315900000,0,5000000,3199400000,57,0,0,270200000,1109700000,941800000,0,0,231800000,3163800000,42,2284300000,104000000,705000000,167900000,0,-19900000,46700000,0,0,0,0,-500000000,-467300000,1071100000,-1252000000,-286400000,837800000,23800000,837800000,837800000,0,0,1109400000,20,733700000,3308700000,3737700000,-143900000,0,-172100000,0,-107400000,0,17,67,15,57,0,977300000,-435500000,1174900000,3225600000,0,9458900000,4624600000,8054000000,1404900000,8054000000,9458900000,5483700000,0,1.63,513987730.1
WY,12/31/2015,875000000,17000000,36000000,10,-479000000,0,116,1012000000,10000000,638000000,5694000000,248,4000000,86000000,479000000,850000000,503000000,0,-105000000,9261000000,40000000,20,1388000000,-3000000,0,347000000,568000000,0,-118000000,4891000000,74000000,0,0,0,-568000000,1064000000,-1145000000,-487000000,506000000,202000000,462000000,506000000,517000000,25000000,919000000,13,933000000,77000000,0,2868000000,2000000,-8000000,1765000000,-32000000,0,7,10,7,184,24000000,1349000000,-484000000,420000000,0,0,12486000000,2174000000,875000000,4869000000,7617000000,12486000000,7082000000,0,0.89,568539325.8
WYN,12/31/2015,1221000000,-341000000,19000000,64,-222000000,3923000000,9,171000000,-25000000,2000000,2700000000,96,0,1450000000,234000000,1041000000,916000000,-26000000,0,2363000000,1563000000,51,2836000000,304000000,1123000000,125000000,295000000,-17000000,130000000,4955000000,2438000000,3000000,0,171000000,-12000000,991000000,-675000000,-302000000,612000000,358000000,612000000,612000000,984000000,6000000,1015000000,18,360000000,419000000,483000000,-74000000,18000000,-63000000,401000000,23000000,234000000,17,96,11,80,0,1592000000,-658000000,1574000000,253000000,0,9716000000,1869000000,1957000000,950000000,8766000000,9716000000,5536000000,-4493000000,5.18,118146718.1
WYNN,12/31/2015,657762000,47011000,-70484000,174,-1921240000,983131000,198,2080089000,-23613000,1146000,2530374000,226,104367000,36357000,342414000,590153000,289247000,412000,1823000,7477478000,0,38,1545509000,7723000,110972000,300906000,74493000,-3660000,-220361000,9212765000,136983000,133824000,0,1916725000,-102075000,572813000,1216258000,-1891558000,195290000,145838000,195290000,71109000,187887000,88738000,658814000,16,186681000,48012000,452409000,1092000,0,33342000,141121000,0,322629000,7,258,5,219,0,55332000,-8564000,475328000,0,115297000,10522259000,2505778000,1110171000,-111979000,10634238000,10522259000,4075883000,-1152680000,1.93,101186528.5
XEC,12/31/2015,396636000,186699000,24822000,86,-1049636000,2762976000,190,779382000,0,948000,519874000,263,0,352705000,778923000,-3727227000,-3782384000,0,0,3506155000,620232000,64,932745000,-1373436000,0,55157000,54579000,0,-276735000,1485620000,501000,0,0,-24633000,373520000,691500000,690625000,-1008605000,-2408948000,2373607000,-2408948000,-2408948000,218425000,3726004000,-3740803000,258,38468000,25544000,13431000,441000,0,41031000,197216000,37954000,778923000,260,135,166,250,0,33313000,773539000,179867000,0,0,5243286000,1077930000,410067000,2797678000,2445608000,5243286000,1452619000,0,-25.92,92937808.64
XEL,12/31/2015,1728410000,139451000,87584000,9,-3683359000,5889106000,2,84940000,-11240000,1268839000,7033633000,72,0,6530391000,1249338000,2122486000,1527204000,0,34390000,31205851000,0,36,3990853000,542719000,0,595282000,608584000,-22443000,-175214000,12490719000,1954078000,0,0,1201830000,5332000,3025839000,602267000,-3622774000,984485000,716728000,984485000,1018875000,1519692000,0,2000512000,18,2983161000,697229000,797027000,-109753000,0,55791000,5373208000,122291000,1124524000,14,14,9,57,0,3552728000,7011000,865817000,1532860000,0,39053535000,2910445000,4058297000,10600920000,28452615000,39053535000,11024486000,0,1.94,507466494.8
XLNX,3/28/2015,321082000,21219000,0,25,-29619000,653882000,343,892572000,2664000,2583000,708823000,409,0,289868000,86936000,755078000,740076000,0,0,301038000,159296000,70,1668521000,91860000,12752000,15002000,231328000,13279000,-40849000,994839000,266902000,0,23947000,0,-81105000,790780000,-884841000,12956000,648216000,86243000,648216000,648216000,326134000,24491000,755078000,32,223026000,74528000,66071000,-11149000,0,29296000,14611000,-13649000,9537000,31,28,27,385,525745000,1966278000,-598345000,353670000,576053000,2410489000,4898065000,3935051000,963206000,2611594000,2286471000,4898065000,2377344000,0,2.44,265662295.1
XOM,12/31/2015,35214000000,4692000000,1750000000,9,-26490000000,0,7,3705000000,-379000000,11612000000,1.66E+11,79,0,36818000000,18048000000,22277000000,21966000000,-394000000,7644000000,2.52E+11,0,36,93898000000,5415000000,0,311000000,16245000000,235000000,-7471000000,25342000000,34245000000,5999000000,0,9255000000,-911000000,30344000000,-7037000000,-23824000000,16150000000,-750000000,16150000000,23794000000,19875000000,1523000000,12883000000,5,8285000000,2798000000,0,-23511000000,2000000,2431000000,43812000000,-347000000,18048000000,8,13,6,49,0,4.12E+11,-4034000000,61444000000,18762000000,0,3.37E+11,42623000000,53976000000,1.71E+11,1.66E+11,3.37E+11,2.59E+11,-2.30E+11,3.85,4194805195
XRAY,12/31/2015,463900000,-900000,10400000,11,-72000000,237800000,60,284600000,32100000,1600000,1157100000,251,0,160300000,134200000,385600000,329700000,-6600000,-1600000,558800000,1987600000,57,1517200000,77000000,600700000,55900000,340400000,24400000,13100000,1141000000,0,1400000,0,-116800000,133000000,497400000,-302900000,-54900000,251200000,74000000,251200000,251200000,399900000,64700000,375200000,14,59100000,171800000,0,-594000000,0,-7300000,286200000,-6200000,0,12,14,9,180,0,3591000000,-157700000,1077300000,12100000,0,4402900000,1196700000,476000000,2338000000,2064900000,4402900000,2674300000,-898400000,1.79,140335195.5
XRX,12/31/2015,2265000000,408000000,0,5,-251000000,3017000000,26,1368000000,-101000000,1013000000,12782000000,127,0,0,1190000000,412000000,412000000,-88000000,135000000,1491000000,8823000000,29,5263000000,-23000000,1765000000,0,942000000,0,221000000,6382000000,3965000000,43000000,349000000,-370000000,-43000000,1611000000,-2074000000,508000000,474000000,-77000000,474000000,570000000,3634000000,186000000,412000000,2,2088000000,644000000,2004000000,-4642000000,-1000000,759000000,3715000000,-522000000,310000000,2,5,3,109,563000000,9686000000,-1334000000,3792000000,985000000,0,24817000000,6685000000,5254000000,9074000000,15743000000,24817000000,18045000000,0,0.42,1128571429
XYL,12/31/2015,745000000,-24000000,9000000,16,-117000000,1834000000,83,680000000,23000000,2000000,2249000000,244,0,118000000,133000000,458000000,403000000,-53000000,0,439000000,1584000000,38,1404000000,63000000,435000000,55000000,433000000,0,6000000,1196000000,0,0,0,-3000000,17000000,464000000,-262000000,-132000000,340000000,-24000000,340000000,340000000,749000000,6000000,449000000,12,194000000,143000000,0,-238000000,-1000000,-15000000,436000000,10000000,0,11,19,9,191,95000000,885000000,-158000000,854000000,78000000,0,4657000000,2005000000,823000000,2084000000,2573000000,4657000000,3653000000,-399000000,1.88,180851063.8
YHOO,12/31/2015,1143349000,-39065000,-64682000,15,-554163000,8807273000,459,1631911000,0,959000,2077748000,588,0,13494992000,719892000,-4813176000,-4813176000,-23619000,383571000,1547323000,808114000,58,2890553000,-89598000,347269000,0,0,2446759000,-3427810000,1233485000,34651551000,35883000,0,0,-1032187000,-2383422000,-377258000,1752112000,-4359082000,4692826000,-4359082000,-4347982000,1047504000,4624660000,-4748494000,96,342390000,602792000,134031000,16576031000,-275052000,-140484000,118689000,21842000,79042000,97,17,88,588,1177923000,4570807000,-144641000,1768522000,0,4225112000,45203966000,7507319000,1277380000,29043537000,16160429000,45203966000,4968301000,-911533000,-4.64,939457327.6
YUM,12/26/2015,2165000000,-54000000,0,142,-973000000,0,27,840000000,58000000,0,9359000000,55,676000000,0,747000000,1921000000,1787000000,-6000000,0,4189000000,656000000,29,3746000000,489000000,271000000,134000000,229000000,0,148000000,3054000000,61000000,58000000,6000000,631000000,159000000,2139000000,-1292000000,-682000000,1293000000,-111000000,1293000000,1293000000,377000000,79000000,1921000000,15,534000000,242000000,0,-239000000,-55000000,291000000,958000000,53000000,0,14,196,10,47,0,1150000000,-1188000000,1746000000,923000000,0,8075000000,1688000000,3088000000,911000000,7164000000,8075000000,13105000000,0,2.97,435353535.4
ZBH,12/31/2015,432000000,-56100000,-27500000,1,-434100000,8195300000,100,1459300000,-205400000,3000000,1800600000,362,0,3150200000,712400000,439800000,153200000,-22600000,0,2062600000,9934200000,70,4197200000,7000000,8746300000,286600000,2254100000,588100000,-263100000,11556300000,0,1500000,0,-239900000,376000000,816700000,7139800000,-7557900000,147000000,341200000,147000000,147000000,1446500000,831800000,467300000,8,613500000,538400000,1185900000,-329000000,0,-7711900000,1005700000,141500000,337400000,3,2,2,223,268800000,8347700000,-44800000,2291900000,0,164600000,27219500000,5862900000,1617900000,9887900000,17331600000,27219500000,5997800000,-6329100000,0.78,188461538.5
ZTS,12/31/2015,1313000000,-58000000,-81000000,32,-224000000,1012000000,65,1154000000,-262000000,5000000,1738000000,215,82000000,264000000,199000000,669000000,545000000,-32000000,0,1307000000,1455000000,64,3027000000,206000000,1190000000,124000000,1467000000,0,87000000,4526000000,0,23000000,0,1115000000,272000000,664000000,755000000,-1115000000,339000000,334000000,339000000,339000000,937000000,320000000,750000000,16,49000000,272000000,63000000,-622000000,0,-891000000,251000000,25000000,61000000,11,51,7,133,364000000,876000000,-192000000,1532000000,405000000,0,7913000000,3830000000,1781000000,1068000000,6845000000,7913000000,4765000000,-203000000,0.68,498529411.8
